3125 5225
739 298 991 369 CARMINUM

468 490 591 582 Quam
621 486 651 561 si
673 485 895 585 Mygdoniis
921 510 1081 585 regnum
1097 484 1268 587 Alyattei

470 612 625 712 Campis
651 612 884 687 continuem.
910 611 1033 687 Multa
1049 613 1267 710 petentibus

470 741 615 815 Desunt
640 736 779 815 multe:
807 737 906 812 hene
931 748 988 813 est
1013 738 1076 811 cui
1105 736 1201 813 deus
1227 735 1368 814 obtulit

566 863 686 937 Parca
713 861 818 961 quod
844 861 937 935 satis
960 872 1017 935 est
1041 887 1169 937 manu.

695 1273 886 1361 Gramen
916 1274 1040 1362 XVII.

468 1440 557 1517 Aeli
583 1452 731 1518 vetusto
756 1439 896 1515 nobilis
922 1442 971 1516 ab
997 1440 1131 1537 Lamo,

470 1562 636 1660 Quando
660 1578 697 1641 et
718 1565 865 1664 priores
889 1565 979 1641 hinc
1004 1565 1155 1642 Lamias
1178 1564 1308 1640 icrunt

269 1791 454 1865 πλουτήσειεν,
475 1789 507 1849 οὐ
525 1800 581 1856 τοῖς
600 1786 662 1849 οὖσι
683 1799 846 1883 asportasse,
895 1793 993 1851 hadal
1007 1810 1177 1868 magnopere
1203 1794 1382 1851 nohilitstsrn
1408 1792 1465 1848 eius

274 1870 337 1942 ἔφη,
355 1869 403 1936 τῆς
421 1868 453 1922 tl
470 1870 565 1938 χρείας
581 1862 614 1920 τὰ
632 1868 719 1920 πολλα
739 1870 847 1938 napul-
896 1870 926 1919 et
943 1884 1031 1936 genus
1050 1870 1134 1938 atque
1152 1865 1194 1921 ita
1211 1884 1241 1921 se
1257 1866 1341 1936 gerit,
1358 1868 1392 1921 ut
1399 1864 1465 1919 nihil

297 1958 377 1996 νωνι
397 1970 432 1980 -
458 1938 616 2021 antipolis]
646 1938 768 2008 primum
795 1955 847 2007 pu·
896 1937 951 1993 nisi
967 1938 1132 2008 gnuissime
1149 1942 1217 1993 vote
1235 1937 1369 2007 subsequi
1406 1951 1465 1991 osse

270 1961 338 2067 ilici
369 2014 450 2067 erant
475 2008 599 2075 redrtus,
632 2008 732 2064 deinde
761 2010 846 2064 etiarn
894 2012 986 2078 putes.
1025 2009 1085 2062 lem
1109 2010 1176 2079 quid
1201 2008 1349 2079 sequitur?
1429 2009 1467 2061 vi-

290 2083 385 2151 ritati;
411 2084 451 2137 sic
479 2082 505 2135 h.
524 2081 542 2134 l.
563 2085 592 2136 et
611 2080 669 2136 Set.
686 2080 721 2145 Π,
742 2084 767 2147 2,
787 2084 846 2135 100.
895 2079 959 2135 cula
986 2080 1023 2135 sd
1046 2081 1201 2135 tristiorem
1231 2080 1307 2150 (vide
1325 2080 1363 2135 ed
1383 2080 1405 2145 1,
1424 2080 1466 2144 26)

269 2102 328 2209 die.
347 2154 382 2209 de
399 2152 543 2218 off.11,25.
569 2182 602 2193 -
622 2152 771 2224 porrigam]
801 2170 846 2206 ex·
894 2152 1014 2207 amicum
1040 2150 1204 2216 admonitio,
1229 2158 1261 2207 ut
1284 2169 1347 2206 cum
1369 2152 1466 2206 timen-

272 2226 395 2280 tendam.
433 2224 474 2279 Gi.
493 2224 596 2306 Senes..
607 2222 660 2293 Ep.
679 2226 730 2279 89:
763 2240 845 2291 ›quo-
894 2220 961 2275 dum
993 2223 1032 2276 sit
1061 2240 1097 2277 ne
1125 2224 1265 2279 crastinus
1299 2222 1360 2276 dies
1392 2222 1467 2303 tristi

269 2314 360 2424 titt
383 2296 848 2437 iristitittttlttrt
893 2294 1466 2426 itti’riffittnqtt'iltttti

270 2434 845 2579 ttttt‘lt't’tlrttttilti
893 2436 1407 2577 dilituittiirtfflt
1423 2432 1467 2559 31¹3

270 2582 323 2638 hac
360 2580 459 2635 enitivi
477 2578 568 2633 forins
587 2575 705 2634 nominis
720 2582 844 2650 Alyattes
893 2578 986 2644 bime,
1016 2579 1039 2633 si
1057 2578 1208 2652 multiplici
1226 2575 1345 2634 artificio
1359 2593 1420 2634 non
1437 2577 1467 2631 li·

270 2654 306 2709 cf.
350 2669 417 2708 ann.
436 2653 463 2718 1,
480 2653 512 2716 6,
536 2653 562 2704 7.
614 2649 704 2720 Epod.
730 2653 778 2718 16,
800 2653 843 2705 60.
893 2655 1008 2717 matum,
1035 2652 1060 2705 si
1088 2651 1223 2706 orationis
1242 2650 1397 2706 luminibus
1412 2666 1467 2703 nou

271 2725 439 2790 17,14.1e.
485 2719 552 2775 Fuit
587 2723 679 2775 autern
717 2720 845 2790 Alyattes
894 2726 1058 2776 crematum
1086 2727 1142 2788 eet,
1173 2728 1268 2778 tamen
1298 2739 1356 2776 uon
1390 2725 1467 2774 caret

245 2843 257 2853 .
270 2796 366 2851 Croesi
383 2799 472 2866 pater.
500 2821 533 2832 -
556 2797 620 2848 terre
646 2791 695 2861 eat]
732 2793 767 2848 cf.
787 2793 844 2848 sn.
894 2797 1039 2848 venustste
1059 2798 1088 2847 et
1104 2794 1203 2865 gratis.
1244 2793 1343 2864 Neque
1362 2798 1431 2846 sunt
1447 2789 1468 2844 ii

269 2866 305 2933 Π,
323 2871 349 2936 il,
368 2869 427 2922 106.
470 2863 560 2936 Epist.
572 2862 629 2932 1,1‚
640 2866 682 2918 80.
720 2863 844 2934 Alpheus
894 2863 1035 2932 probandi
1052 2865 1100 2934 qui
1118 2882 1216 2921 versus
1229 2867 1300 2919 2-4
1317 2863 1468 2920 eiiciendos

272 2939 302 2993 in
314 2937 426 2993 Anthol.
436 2935 540 2994 Prin.
557 2951 585 3004 p.
594 2937 645 2991 39:
666 2929 720 2990 »Ori
739 2941 845 3007 στέργω
895 2935 1060 3005 censebant3
1077 2953 1142 2990 nam
1159 2941 1188 2992 et
1204 2953 1275 3007 quac
1285 2937 1313 2992 in
1323 2936 1359 2990 iis
1369 2935 1471 2991 mends

271 3009 435 3079 βαθυληΐονς
452 3003 575 3092 ἀρούρας,
602 3003 659 3064 Οὐκ
683 3001 767 3076 ὄλβον
793 3029 845 3062 rro-
895 3005 941 3060 rel
958 3006 1027 3060 sitia
1043 3008 1134 3063 inesse
1158 3007 1298 3074 dicuntur,
1327 3009 1406 3061 iusta
1427 3007 1468 3059 in·

269 3076 415 3154 λύχρυσον,
435 3076 586 3150 οἶαΓυγης.
606 3073 764 3149 Αὗτᾰρκους
783 3081 846 3152 ἔρα-
894 3077 1100 3148 terpretetione
1129 3084 1206 3134 recta
1228 3079 1402 3133 ridebuntur
1424 3091 1470 3130 ne-

268 3173 319 3226 μαι
338 3159 406 3222 βίον,
426 3159 571 3223 Μανρῖνε·
592 3147 632 3204 Τὸ
654 3150 774 3224 μηθὲν
791 3148 846 3224 γὰρ
895 3164 949 3219 que
966 3150 1157 3218 perturbanda
1183 3155 1227 3205 est
1248 3149 1323 3205 hsud
1348 3147 1469 3202 fortuite

271 3220 362 3298 ἄγαν
378 3218 450 3296 ἄγαν
464 3240 501 3296 με
519 3227 637 3294 τέρπει(
895 3220 1026 3274 carminis
1060 3221 1252 3292 aequabilitas.
1310 3220 1406 3274 Acron
1441 3222 1469 3272 et

894 3291 1047 3346 Commeat,
1067 3293 1148 3363 Crnq.
1167 3293 1218 3347 hos
1238 3307 1338 3348 versus
1355 3290 1413 3345 iarn
1429 3289 1467 3344 le.

435 3336 582 3390 ΨΜ
598 3334 683 3392 XVII·
895 3365 1006 3433 gerunt,
1033 3381 1086 3418 nec
1114 3363 1180 3433 qnia
1207 3363 1299 3419 nescio
1323 3379 1379 3433 quo
1405 3377 1470 3416 casu

313 3431 434 3485 Parrum
463 3431 518 3486 hoc
550 3445 663 3487 carmen
696 3448 732 3486 ne
759 3445 846 3502 prere
895 3432 1203 3504 epudPorphyrionem
1223 3435 1331 3488 nullum
1348 3431 1393 3488 his
1408 3449 1469 3487 rer-

271 3504 444 3570 sestimetur‚
459 3501 690 3560 considerandum
701 3507 845 3558 esttotnm
895 3506 973 3559 sibus
986 3505 1145 3576 appositum
1160 3504 1287 3561 scholion
1303 3507 1355 3575 ost,
1372 3503 1471 3559 licebit

271 3591 332 3631 esse
356 3575 450 3630 iocose
479 3574 614 3644 scriptum
641 3591 731 3646 neque
755 3574 846 3630 videri
868 3631 872 3636 ,
896 3593 959 3632 cum
987 3576 1110 3632 Liulrero
1136 3577 1331 3648 imprudenter
1359 3575 1470 3631 conclu-

271 3647 420 3701 Horatium
446 3645 522 3716 qnod
545 3647 691 3700 schedulae
718 3645 754 3700 ad
778 3645 846 3700 ami·
894 3648 970 3711 dere,
988 3647 1207 3718 Porphyrionem
1226 3664 1273 3704 eos
1290 3664 1389 3704 versus
1413 3663 1470 3701 non

272 3733 335 3772 cunr
354 3717 454 3772 missae
473 3718 538 3772 olim
553 3719 744 3788 inscripsisset
761 3717 845 3772 aliam
895 3734 1054 3792 agnoscere.

273 3789 310 3844 cb
327 3803 440 3843 causam
456 3789 536 3843 libris
556 3787 670 3844 edendis
686 3790 845 3856 inseruisse,
931 3789 962 3843 V.
985 3793 1008 3844 1.
1037 3793 1155 3860 sersus]
1194 3789 1283 3860 Quam
1309 3789 1375 3845 asni
1400 3790 1469 3844 elim

271 3859 326 3914 nisi
343 3863 376 3914 ut
393 3859 505 3914 herniae
522 3861 661 3914 amicitiae
682 3861 709 3931 pi
733 3877 786 3914 nus
808 3860 846 3913 el-
894 3859 1000 3917 inerint
1016 3860 1136 3918 Romani
1166 3863 1196 3917 in
1220 3861 1416 3933 investiganda
1441 3863 1471 3913 et

271 3936 363 3987 terum
386 3932 469 3985 etiarn
495 3935 681 3987 consecraret.
712 3879 796 3986 gNem
815 3935 847 3985 ut
895 3934 1052 4002 arroganda
1079 3935 1196 4004 entique
1230 3934 1324 4004 gentis
1351 3933 1471 4003 origine,

272 4004 366 4058 iinon
386 4006 464 4058 recte
482 4003 614 4058 videntur
632 4003 771 4058 iudicasse
798 4003 846 4072 qui
896 4005 1054 4059 ostenditur
1078 4008 1164 4061 etiam
1188 4004 1352 4062 Ciceronum
1377 4019 1470 4058 exeru-

270 4074 388 4130 Horatio
400 4074 545 4145 indignum
558 4075 610 4130 hoc
626 4075 847 4145 putarenteique
894 4074 951 4144 plo,
966 4078 1014 4146 qui
1022 4076 1175 4133 Plutarcho
1190 4077 1250 4141 (rit.
1261 4077 1350 4132 Cicer.
1358 4077 1385 4143 l)
1395 4078 1471 4128 teste

272 4147 410 4218 abrogare
430 4151 608 4208 conarentur,
633 4147 673 4201 ric
691 4147 845 4202 cavendum
896 4163 983 4216 genus
1002 4148 1141 4204 duxerunt
1157 4167 1175 4204 a
1187 4147 1269 4203 Tullo
1280 4147 1367 4214 Attio,
1386 4163 1469 4215 quern

273 4222 316 4273 cst
335 4235 370 4272 ne
388 4218 463 4272 iusto
481 4219 571 4272 maior
590 4218 656 4272 huic
668 4219 785 4272 carmini
798 4219 845 4272 ho·
896 4215 1096 4286 βασιλεύσαντα
1122 4221 1191 4276 dicit
1221 4222 1252 4274 lt·
1280 4213 1470 4279 Oicloicscetr

271 4305 325 4344 nor
343 4289 493 4344 tribuatur.
536 4289 614 4344 Misit
636 4288 719 4354 cuim,
749 4293 781 4343 nt
805 4289 847 4342 vi·
896 4289 1010 4346 Aurelio
1037 4291 1152 4348 Victore
1180 4294 1214 4362 (c.
1234 4291 1279 4360 81)
1307 4293 1424 4346 auctore
1453 4305 1471 4342 a

272 4360 365 4426 detur,
384 4361 516 4415 Horatius
533 4361 604 4416 heac
624 4359 783 4415 schedulam
796 4359 846 4414 ha·
895 4359 978 4416 Tullo
996 4363 1080 4420 Tatio
1104 4379 1179 4436 rege.
1224 4363 1289 4433 ipse
1311 4361 1350 4418 hi.
1370 4361 1470 4416 Cicero

233 4467 235 4472 .
272 4433 344 4488 mise
359 4431 395 4486 ob
407 4433 529 4487 natalem
541 4433 629 4487 altero
646 4431 692 4487 die
706 4431 846 4486 celehrsn·
895 4433 998 4501 iocose,
1023 4438 1056 4491 ut
1073 4437 1193 4498 ridetur,
1219 4435 1300 4490 Tusc
1316 4433 1339 4502 1,
1359 4435 1400 4496 18,
1418 4434 1469 4486 38:

274 4504 341 4558 dum
360 4502 561 4572 gratulaturus.
608 4503 688 4572 Quod
707 4508 739 4559 nt
757 4503 846 4558 amice
898 4521 975 4561 »meo
992 4512 1129 4578 regnante
1146 4505 1261 4578 gentili«
1290 4503 1470 4561 inhercie

273 4579 303 4628 et
319 4591 383 4627 cum
400 4575 519 4644 quedem
536 4575 722 4644 protervitate
733 4573 846 4640 iaceret,
896 4576 999 4632 Tullio.
1039 4577 1137 4649 Neque
1155 4577 1327 4633 credendum
1345 4578 1397 4637 est,
1413 4571 1470 4627 La·

273 4645 358 4714 pleno
386 4661 435 4698 ore
460 4649 489 4699 et
517 4643 664 4715 magnifice
691 4647 846 4712 exorditur,
895 4648 980 4704 rniam
1003 4649 1095 4720 ipsum
1120 4653 1233 4721 gentem
1250 4649 1287 4704 ad
1309 4645 1469 4702 fabulosum
