3125 5225
712 291 801 358 LIB.
822 291 869 358 ΙΙ.
893 289 1033 360 OARM.
1048 294 1076 358 Ι.

497 476 738 554 Periculosae
763 478 923 578 plenum
951 505 1047 578 opus
1074 479 1192 577 eleae,

548 600 702 676 lhactas
727 616 765 677 et
790 603 935 679 incedis
961 631 1032 702 per
1056 605 1164 704 ignes

594 725 821 824 Suppositos
844 730 962 803 cineri
990 728 1135 806 doloso.

492 863 653 939 Paulum
682 893 835 943 severae
861 871 973 945 Musa
999 870 1222 969 tragoediae

374 1093 379 1100 .
451 1023 475 1060 ιι
492 989 599 1063 Desit
624 989 803 1066 theatris:
829 1019 916 1067 mox
942 995 1010 1070 ubi
1035 994 1208 1092 publicas

543 1115 616 1190 Res
644 1116 844 1213 ordinaris,
872 1119 1018 1222 grande
1043 1147 1181 1194 munus

479 1271 483 1280 ·
597 1241 785 1338 Cecropio
809 1225 955 1341 repetes
979 1243 1175 1356 cothurno,

493 1379 651 1478 Insigne
678 1383 833 1458 moestis
859 1384 1094 1481 praesidium
1121 1385 1195 1458 reis

493 1508 541 1581 Et
568 1506 795 1604 considenti,
823 1508 960 1603 Pollio,
986 1509 1133 1602 curiae;

454 1671 478 1710 ιι
548 1635 620 1710 Cui
647 1631 775 1706 laurus
802 1645 975 1708 aeternos
1002 1633 1167 1709 honores

590 1759 806 1834 Dalmatico
833 1761 984 1856 peperit
1007 1759 1215 1856 triumpho.

492 1903 575 1978 Iam
597 1900 700 1976 minc
725 1901 867 1975 minaci
891 1926 1087 1976 murmure
1113 1927 1301 1978 cornuum

494 2023 722 2121 Perstringis
749 2049 871 2119 aures,
898 2025 977 2106 iam
1000 2023 1086 2099 litui
1113 2039 1297 2124 strepunt,

545 2147 627 2224 Iam
655 2147 787 2246 fulgor
812 2172 1005 2222 armorum
1035 2147 1189 2247 fugaces

438 2307 463 2345 ιι
581 2273 714 2348 Terret
740 2297 860 2371 equos
887 2273 1136 2372 equitumque
1159 2271 1297 2346 vultus.

293 2469 488 2542 magnitudine
506 2469 606 2524 caedis.
642 2469 678 2552 ei.
694 2467 776 2552 οῩίτς.
798 2470 867 2523 Aen.
918 2468 1013 2524 denso
1036 2469 1071 2523 ci.
1099 2470 1188 2524 Cerni.
1208 2469 1231 2553 l,
1250 2473 1292 2532 lo,
1311 2471 1410 2552 2137-
1439 2473 1501 2524 lan

293 2541 412 2604 meet.
434 2571 468 2581 -
488 2541 577 2611 aisse]
609 2539 716 2594 Animis
743 2539 868 2594 nondum
918 2561 987 2595 sanc
1018 2540 1137 2595 Videtur
1155 2538 1244 2595 Polno
1260 2541 1296 2596 ab
1318 2544 1403 2594 instro
1429 2557 1504 2613 ope·

293 2614 403 2685 pacatis
418 2613 514 2669 odium
528 2612 628 2667 leviter
642 2612 868 2667 tectuminsori-
918 2613 957 2666 ris
987 2541 1169 2682 descripsisse
1193 2612 1414 2683 magnitudinem
1447 2614 1503 2667 im·

293 2690 403 2756 ptorem
423 2702 439 2740 s
458 2684 582 2754 partium
602 2682 694 2739 studio
713 2701 769 2737 non
786 2700 867 2752 pror·
917 2684 991 2753 perii
1019 2683 1152 2748 Romani,
1180 2682 1339 2755 splendidas
1365 2682 1504 2755 Pompeii

295 2774 342 2811 sus
360 2755 481 2811 alienum
497 2755 578 2809 facile
597 2754 867 2827 incenditur.-prr
918 2754 1097 2825 Caesarisque
1127 2755 1162 2811 de
1193 2755 1298 2810 exteris
1331 2756 1505 2810 nationibus

293 2828 382 2900 ignes]
417 2828 472 2882 Per
494 2826 602 2881 cineres
632 2824 716 2881 facile
744 2824 868 2895 erumpit
917 2830 1079 2951 reportatas
1105 2826 1252 2891 victorias,
1287 2827 1387 2896 quibus
1417 2832 1504 2881 totus

294 2898 457 2953 incendium
475 2903 504 2951 et
522 2897 662 2952 comburit
680 2914 742 2951 eum
761 2898 809 2968 qui
827 2896 868 2950 ni·
918 2913 952 2964 qr
971 2898 995 2951 is
1016 2902 1156 2952 terrarum
1180 2898 1321 2953 subiectus
1346 2901 1390 2951 est
1415 2914 1504 2968 prae·

292 2968 461 3025 ntiafiducia
475 2986 584 3039 percos
600 2967 737 3039 procedit.
757 2969 868 3023 Summa
918 2973 962 3022 ter
979 2970 1116 3023 virtutem
1133 2968 1296 3023 Romanam.
1337 2966 1380 3022 Es
1398 2974 1506 3023 autem

292 3041 383 3111 igitur
402 3042 531 3095 cautione
549 3057 617 3111 opus
636 3044 688 3095 est.
918 3040 1092 3110 significatur
1102 3041 1253 3097 atrocitate
1264 3039 1388 3094 Catonis.
1410 3039 1505 3094 Cuius

329 3110 360 3165 V.
373 3114 398 3167 9.
417 3112 452 3167 ci.
471 3111 560 3173 Sati,
575 3114 669 3177 10,42.
703 3109 779 3192 virg.
800 3110 866 3163 Buc.
918 3112 1030 3165 nomine
1048 3118 1150 3180 poetae
1169 3113 1279 3167 animus
1297 3111 1377 3167 faede
1402 3110 1506 3166 fertum

292 3184 317 3247 8,
332 3186 373 3237 10.
418 3182 523 3239 Suadet
542 3186 574 3237 ut
592 3200 609 3235 s
625 3180 779 3252 tragoediis
799 3181 868 3235 scri-
917 3183 947 3236 in
965 3183 1099 3244 Africam,
1123 3200 1186 3237 oum
1212 3181 1379 3253 praesertim
1404 3183 1508 3237 maior

290 3254 388 3309 bandis
416 3255 445 3308 in
473 3270 647 3336 scenamque.
658 3251 868 3308 committendis
918 3269 1027 3323 quoque
1043 3254 1112 3308 Cato
1128 3253 1332 3337 Karthaginem
1345 3252 1508 3347 delendam

291 3340 570 3467 estitit?
584 3324 867 3459 ιῖῗέῗιῖιῗὸἷὲἷξὲ
917 3342 980 3449 tit
999 3324 1511 3465 tt‘t5t0.ttm.tt¹tt⁸⁸tt..lt

291 3470 380 3521 multa
393 3466 612 3536 pertractatione
631 3464 754 3522 omnium
773 3482 866 3519 rerum
918 3466 1029 3536 imperii
1053 3466 1127 3521 vires
1151 3468 1227 3521 inter
1245 3485 1275 3522 se
1292 3464 1442 3521 discordes
1465 3466 1509 3521 ad

290 3539 492 3608 publicarum«
518 3568 550 3577 —
570 3538 710 3609 ordinare]
732 3540 776 3591 est
796 3540 867 3589 tem·
917 3537 1071 3593 domestica
1088 3539 1162 3593 bella
1180 3539 1309 3593 ruebant
1346 3536 1424 3591 Haec
1444 3538 1510 3609 igi-

290 3627 390 3679 porum
409 3612 439 3663 et
458 3626 606 3665 causarum
625 3608 781 3664 rationibus
792 3623 867 3662 com·
917 3614 966 3663 tur
986 3616 1060 3679 sunt,
1086 3626 1158 3678 quae
1181 3610 1273 3665 tribus
1298 3606 1425 3679 strophis
1455 3627 1509 3663 us-

290 3697 403 3751 ponere.
426 3708 456 3719 ·-
488 3686 618 3751 Cecropio
647 3676 789 3747 corbaras]
815 3678 866 3733 Co·
917 3698 971 3749 que
989 3679 1026 3735 ad
1045 3684 1116 3736 uid
1134 3686 1322 3749 exponuntur.
1342 3678 1511 3750 Anaphora

291 3750 411 3807 thurnus
422 3748 631 3821 tragoedorum,
649 3766 746 3805 soccus
757 3766 866 3804 eomoe·
916 3757 1011 3806 autem
1027 3758 1083 3806 tam
1102 3772 1181 3816 ιιιιιιε,
1198 3757 1263 3817 iam,
1281 3757 1346 3814 iam,
1372 3756 1429 3805 tara
1455 3769 1512 3805 ve·

291 3820 399 3879 dorum.
421 3822 494 3876 Tota
506 3827 597 3876 autern
610 3838 653 3877 res
665 3823 776 3877 scenica
789 3822 866 3891 apud
917 3826 1011 3892 getam
1035 3820 1212 3877 describendi
1235 3822 1373 3877 rationem
1390 3819 1510 3876 Pollio-

290 3893 475 3949 nthsniensss
501 3893 638 3965 originem
665 3894 743 3963 cepit
768 3897 797 3947 et
825 3892 865 3945 in·
917 3895 960 3949 nis
987 3894 1137 3949 collustrat
1165 3892 1202 3947 ad
1227 3909 1413 3965 magnamque
1452 3910 1512 3948 ex-

289 3970 439 4021 crementa.
454 3964 608 4035 -tmtpnd
629 3964 784 4034 Aptissima
804 3964 865 4018 loeo
916 3965 1118 4035 spectationem
1146 3964 1312 4019 movendam
1346 3962 1513 4033 aptissima

289 4042 317 4091 et
337 4036 415 4107 qussi
435 4054 448 4089 e
470 4039 537 4091 onte
556 4034 654 4091 suasd
668 4035 790 4104 reliquas
800 4034 865 4089 Pol·
916 4040 966 4091 est.
994 4064 1028 4075 -
1054 4036 1191 4105 coracem]
1220 4037 1284 4091 vide
1307 4034 1344 4093 sd
1361 4034 1461 4089 Cerm.
1486 4036 1514 4099 1,

290 4108 372 4163 lionis
391 4108 437 4161 lau
459 4124 489 4162 es
508 4107 615 4177 fertur3
635 4108 700 4160 aunt
713 4110 807 4161 autem
818 4124 864 4176 pe·
919 4111 998 4173 1,23.
1035 4107 1149 4177 Pugnae
1168 4108 1305 4162 interesse
1324 4106 1378 4160 sibi
1397 4104 1514 4162 viden·

289 4180 360 4235 titae
379 4198 413 4233 ex
432 4178 599 4249 eloquentia,
619 4176 864 4247 prudentiaeisili‚
916 4186 973 4242 tur,
990 4180 1038 4248 qui
1046 4176 1202 4234 Pollionem
1215 4179 1356 4249 legentem
1365 4176 1514 4233 audiunt.

289 4250 392 4307 bellica
412 4251 525 4305 virtuts.
545 4278 579 4289 —-
599 4248 759 4319 consulenti]
785 4250 865 4303 abso·
917 4279 951 4291 -
969 4250 1090 4322 sapaces]
1118 4250 1262 4319 Equorum
1286 4254 1387 4303 natura
1405 4245 1514 4319 fugax

287 4323 347 4377 lute
364 4322 495 4393 positum,
515 4319 692 4375 deliberanti.
720 4319 778 4373 Liv.
790 4318 865 4384 XXI,
915 4327 968 4389 set,
994 4339 1084 4391 neque
1106 4325 1223 4376 ruerent
1246 4321 1267 4374 ii
1290 4321 1320 4374 in
1343 4318 1516 4375 adversm

291 4396 331 4449 16.
348 4392 427 4463 Virg.
444 4392 513 4445 Aen.
531 4390 578 4453 xl.
599 4392 660 4445 335.
696 4389 863 4445 Senatorum
915 4393 1011 4458 aciem,
1039 4392 1094 4447 nisi
1116 4392 1259 4446 frenorum
1284 4398 1313 4445 st
1336 4388 1512 4447 calcarium

288 4467 332 4518 est
350 4461 511 4531 consulere;
530 4462 578 4531 qui
596 4462 700 4531 optime
713 4461 818 4525 suadet,
838 4462 862 4515 is
916 4463 944 4518 vi
969 4464 1148 4533 pellerentur.
1166 4493 1200 4504 ·-
1225 4462 1326 4533 saissa]
1352 4462 1518 4531 Compara

289 4533 502 4587 consulentibus
521 4532 662 4602 praesidio
681 4536 731 4587 est.
747 4562 776 4573 -·
795 4552 865 4587 aroe-
916 4552 987 4604 quae
1013 4534 1049 4589 de
1076 4534 1144 4590 Pom
1165 4534 1252 4591 siams
1285 4532 1428 4602 equitibus
1476 4536 1517 4591 in

290 4608 338 4655 stis
362 4602 430 4671 reis]
462 4600 496 4655 ci.
528 4602 617 4657 Germ.
635 4603 680 4667 lV,
700 4605 723 4667 1,
743 4604 784 4657 1⁴.
821 4602 863 4657 De
914 4622 1008 4676 pugna
1035 4607 1110 4675 apud
1156 4604 1298 4661 has-salum
1324 4606 1516 4677 nouantur-3
