3125 5225
285 255 349 324 de
718 255 1048 327 mueronem

335 440 462 518 Maior
486 455 612 522 utrum
638 445 828 545 populum
853 445 1036 521 nomenti
1051 445 1175 544 copia
1196 455 1339 542 mest,

288 595 312 634 ιι
338 565 577 643 Collectosne
602 568 737 644 bibant
763 569 905 644 imbres
930 579 1116 667 puteosne
1139 591 1327 666 perennes

336 689 442 789 Iugis
464 715 598 789 aquae,
626 727 678 742 -·
702 717 793 766 nam
817 693 908 767 vina
931 691 1030 768 nihil
1054 717 1186 768 moror
1210 691 1314 767 illius
1340 717 1439 766 orae.

336 815 438 889 Rure
463 839 550 890 meo
576 839 733 910 possum
760 815 916 914 quidvis
941 818 1116 914 perferre
1141 815 1318 914 patiqu03

249 947 253 954 '
338 935 403 1012 Ad
428 963 644 1014 meracum
669 940 767 1034 veni,
796 965 1027 1037 generosum
1053 953 1091 1018 et
1114 942 1203 1018 lone
1226 941 1395 1040 requiro,

337 1061 453 1154 Quod
479 1089 587 1138 ouras
610 1064 753 1162 abigat,
783 1064 889 1164 quod
915 1051 1012 1144 cunrw
1027 1091 1098 1164 spe
1123 1066 1243 1142 divite
1266 1077 1399 1141 manet

284 1218 310 1256 ιι
334 1185 381 1262 In
409 1213 524 1264 venas
548 1188 797 1288 animumque
822 1215 966 1286 meum,
993 1189 1099 1288 quod
1125 1191 1244 1266 verba
1267 1189 1463 1286 ministret,

336 1310 453 1403 Quod
478 1337 540 1386 me
564 1310 744 1388 Lucanae
769 1313 948 1389 iuvenem
975 1313 1218 1390 commendet
1242 1314 1411 1410 amiese;
1443 1354 1482 1368 -«

335 1436 493 1512 Tractus
510 1447 603 1514 uter
628 1435 759 1534 plures
785 1436 950 1535 lepores,
977 1451 1063 1514 uter
1087 1437 1231 1514 educet
1249 1463 1376 1536 apros,

335 1559 429 1636 Utra
456 1561 579 1657 magis
604 1561 728 1658 pisces
756 1573 793 1636 et
819 1561 975 1638 echinos
1002 1565 1173 1661 aequora
1199 1561 1335 1658 celent,

338 1684 495 1782 Pinguis
522 1697 563 1758 ut
587 1685 680 1761 inde
709 1685 868 1762 domum
892 1687 1036 1785 possim
1060 1686 1290 1786 Phaeaxque
1309 1687 1465 1781 reverti,

287 1839 313 1880 ιι
338 1807 516 1884 Scribere
540 1821 578 1884 te
602 1811 726 1906 nobis,
756 1811 826 1886 tibi
851 1838 923 1887 nos
948 1810 1152 1888 accredere
1176 1837 1248 1908 par
1273 1824 1340 1886 est

338 1933 511 2008 Maenius
536 1944 578 2006 ut
602 1935 717 2010 rebus
743 1935 927 2011 maternis
950 1947 1065 2034 atque
1088 1933 1258 2033 paternis

337 2057 503 2133 Fortiter
527 2058 736 2156 absumptis
762 2060 931 2136 urbanus
957 2059 1084 2158 coepit
1108 2058 1255 2154 haberi,

339 2183 479 2260 Scurra
504 2207 634 2281 vagus,
661 2211 741 2260 non
766 2187 832 2285 qui
855 2199 1000 2261 certum
1024 2210 1210 2286 praesepe
1234 2196 1394 2281 teneret,

316 2287 559 2405 'Impransus
585 2334 663 2384 non
690 2310 757 2409 qui
784 2310 906 2386 civem
931 2309 1175 2409 dignosceret
1198 2308 1317 2404 hoste,

288 2461 313 2502 so
340 2427 541 2522 Quaelibet
565 2434 604 2508 in
633 2433 807 2532 quemvis
835 2435 1043 2532 opprobria
1066 2433 1213 2532 fingere
1241 2458 1393 2524 saevus,

338 2555 531 2632 Pernicies
554 2567 590 2633 et
615 2567 817 2657 tempestas
839 2559 1141 2658 barathrumque
1165 2556 1330 2656 macelli,

315 2679 538 2779 'Quidquid
566 2680 779 2780 quaesierat
804 2681 928 2756 ventri
954 2680 1123 2755 donabat
1146 2706 1274 2755 avaro.

291 2835 323 2873 ea
343 2821 444 2873 natura
461 2824 513 2885 est,
541 2821 573 2871 ut
590 2834 687 2873 aurem
706 2817 737 2871 in
753 2818 863 2874 frenato
912 2818 1003 2873 mults
1018 2817 1145 2881 maeret,
1173 2817 1263 2872 mults
1290 2816 1377 2871 ethus
1396 2817 1488 2872 ventri

292 2887 456 2947 omhabere
468 2888 625 2945 videantur.
646 2887 733 2956 Quam
750 2894 865 2945 secutus
913 2888 1188 2957 dermetufflsqq.
1198 2918 1225 2928 —
1238 2890 1488 2955 ntsssslscusrs,

291 2976 389 3025 essem,
417 2960 471 3015 nisi
492 2960 581 3015 maior
602 2976 668 3029 pars
694 2960 865 3028 optimorum
913 2960 1002 3015 dicax.
1042 2959 1114 3015 Vide
1134 2960 1170 3015 sd
1186 2958 1213 3013 Ε
1233 2959 1281 3015 ua
1298 2957 1366 3021 La.
1388 2964 1431 3014 11.
1454 2990 1487 2998 -—

290 3030 371 3087 codd.
383 3030 538 3102 genitivum
549 3038 608 3101 equs·
628 3029 771 3087 rideretur
789 3029 864 3085 tueri
913 3030 999 3101 tuse]
1022 3030 1121 3086 Cicero
1137 3028 1214 3084 deO
1261 3029 1284 3094 Ι,
1304 3034 1353 3085 12:
1376 3030 1487 3085 »Hostis

289 3119 342 3159 nea
362 3101 501 3173 particula
518 3104 565 3157 ssd
589 3102 801 3171 explicationem
822 3103 864 3155 in·
913 3102 988 3187 appd
1012 3101 1134 3157 mmoses
1155 3106 1268 3155 nostros
1291 3101 1318 3155 is
1330 3100 1486 3184 dicebatur,

168 3236 170 3243 Α
288 3174 398 3229 umnec
425 3174 455 3227 in
480 3172 644 3229 excusandis
668 3172 760 3227 ambis
785 3176 864 3229 isson
913 3189 997 3243 quem
1032 3190 1108 3227 nune
1142 3172 1324 3242 peregrinum
1358 3172 1488 3228 dicmur.

291 3248 473 3301 stomachosus
491 3248 602 3299 tutans.
621 3272 656 3283 -
675 3260 765 3299 serum
783 3265 865 3315 popa·
913 3244 1088 3312 Quamquam
1103 3242 1133 3298 id
1146 3260 1249 3299 nomen
1258 3244 1359 3298 dusius
1376 3243 1434 3301 istu
1450 3242 1489 3298 ef·

291 3314 356 3387 lusa]
374 3314 530 3371 Veliensem
549 3332 585 3369 an
596 3312 810 3369 Salamitruum.
830 3342 864 3353 -
913 3314 983 3370 fecit
999 3321 1137 3383 vetmtas3
1155 3316 1333 3385 spereqrino
1349 3316 1429 3369 enim
1446 3330 1488 3367 se·

292 3385 866 3529 ztm‘attbatttttfttut
914 3385 1490 3513 wdtttttffitqudptt

291 3532 394 3596 dulets3
420 3528 510 3585 maior
533 3546 599 3599 pars
622 3528 701 3597 prius
719 3528 866 3598 praebent.
914 3528 990 3583 Trin.
1009 3528 1031 3592 1.
1048 3531 1077 3590 2,
1093 3529 1143 3583 bb:
1162 3527 1221 3581 »Ta
1239 3527 1337 3583 dieunt
1352 3525 1488 3583 Hostisue

292 3598 503 3667 antiquissimus
522 3604 617 3655 tamen
630 3598 728 3655 Bland.
747 3601 776 3653 et
794 3599 866 3653 alius
914 3616 951 3655 sn
968 3599 1036 3655 ciris
1052 3598 1176 3653 comedis
1194 3599 1276 3667 psrsi
1290 3595 1442 3667 pandam
1453 3625 1488 3639 -

293 3668 565 3739 Oraquiipostsrius.
584 3668 619 3727 ef.
631 3671 687 3725 Cio.
697 3670 732 3725 N.
740 3668 774 3725 D.
787 3669 864 3735 11‚e:
914 3668 1061 3741 perarasse]
1081 3669 1117 3724 ef.
1135 3668 1228 3725 Plsnt.
1243 3669 1322 3739 Capt.
1339 3667 1389 3733 lv,
1407 3672 1436 3733 d,
1452 3672 1486 3723 ξε

296 3758 346 3797 »ex
373 3740 467 3810 puteis
492 3742 603 3813 iugibus
628 3758 728 3811 aquam
747 3741 866 3796 calidam
918 3739 1147 3811 »Quwtapemis
1191 3739 1244 3797 stis
1254 3740 1364 3795 venuti
1382 3745 1488 3809 quanta

290 3810 388 3868 trahi«
408 3811 447 3867 id.
467 3811 702 3878 doctrinata:
721 3810 866 3867 »haustam
915 3812 992 3868 labes
1010 3810 1131 3868 laridots
1175 3815 1263 3867 arent.
1280 3810 1355 3865 Eun.
1367 3810 1389 3875 l,
1403 3813 1487 3878 add:

289 3900 390 3954 aquam
407 3884 442 3967 de
460 3884 519 3967 iugi
540 3889 649 4009 puteos
670 3883 739 3939 ibid.
762 3882 797 3946 u,
815 3886 865 3939 13:
917 3883 1038 3952 »(Tbais)
1055 3883 1136 3939 fandi
1153 3883 1247 3939 nostri
1263 3882 1435 3939 connium
1456 3910 1487 3921 -

290 3954 867 4108 cernartanseat
914 3953 1117 4081 actea.
1132 3954 1293 4107 aaa:
1308 3952 1488 4107 artua

292 4102 337 4153 est
345 4096 489 4153 Horatius.
504 4098 683 4167 -Lscssasl
704 4112 768 4151 nam
786 4093 866 4152 Veha
914 4103 1040 4167 tempore
1067 4096 1147 4153 verbu
1174 4096 1275 4160 samos,
1303 4094 1374 4151 mm
1399 4111 1492 4179 prope

289 4171 319 4225 in
336 4168 462 4225 Lucania
478 4169 532 4225 sits
549 4171 618 4223 erat.
914 4166 1015 4223 malins
1032 4168 1144 4238 plaeere
1161 4167 1191 4223 id
1207 4165 1286 4236 quod
1304 4167 1334 4221 in
1350 4167 1488 4235 utiquo·

326 4238 361 4294 V.
371 4244 413 4297 24.
450 4238 621 4310 Ptasssqss]
641 4238 734 4308 Epist
749 4236 772 4303 Ι,
785 4240 865 4306 2,28.
915 4239 992 4295 simis
1012 4238 1224 4308 quibuscunque
1235 4236 1322 4294 codd
1339 4239 1489 4305 (quattuor

292 4342 322 4353 -
346 4309 480 4379 flaccius]
506 4309 565 4367 Sat.
584 4310 607 4377 Ῑ,
633 4312 656 4375 l,
676 4312 738 4365 101.
774 4312 799 4373 Β,
821 4314 865 4364 21.
914 4310 1022 4373 mand,
1044 4310 1159 4379 optimis
1174 4306 1306 4373 Reman,
1326 4308 1489 4378 Moukapor-

290 4382 326 4436 Ss
343 4397 453 4449 quoque
480 4381 549 4437 dicit
572 4382 678 4436 lautam
704 4396 737 4435 ac
764 4380 866 4435 delica-
915 4380 979 4445 sud,
996 4380 1164 4450 Patropolit.
1179 4383 1211 4435 et
1226 4378 1362 4437 Eimiedl.
1379 4378 1488 4445 Orobii,

291 4460 351 4507 tsm
368 4451 455 4507 vitam
465 4454 658 4522 amaraqussi
671 4452 793 4507 alterum
804 4469 866 4510 esse
914 4470 972 4509 uno
995 4450 1154 4519 Pulmanni)
1184 4452 1334 4521 repetitura
1359 4454 1488 4518 issam,

291 4521 441 4587 menium,
471 4524 520 4593 qui
614 4522 638 4579 is
658 4526 732 4585 esset
749 4525 866 4579 eonten-
915 4528 946 4578 st
973 4530 1091 4593 propter
1118 4523 1262 4593 ingentem
1286 4520 1488 4579 manuam

290 4598 418 4649 tuscum
439 4608 485 4649 res
503 4592 537 4651 de
559 4598 663 4661 camut,
683 4598 865 4651 contraeunt
914 4594 1052 4652 librorum
1068 4598 1099 4649 et
1114 4592 1385 4664 quiasicoppositio
1402 4610 1489 4662 quse-
