3125 5225
230 183 294 248 408
692 174 968 247 SATIRARUM

282 368 491 467 Composui
518 395 606 465 pars
634 394 715 444 esse
740 378 850 467 putat
876 365 1096 466 similesque
1122 390 1294 441 meorum

276 495 383 571 Mille
410 494 472 569 die
498 519 629 568 versus
652 491 792 567 deduci
816 517 940 589 posse.
991 490 1157 585 Trebati,

247 651 260 692 s
281 618 384 712 Quid
412 620 548 695 faniam
569 619 800 717 praescribe.
827 617 1021 711 Quiesoas.
1047 618 1105 693 Ne
1120 616 1269 711 faciam,
1284 614 1430 715 inquis,

280 743 448 821 Omnino
475 747 634 821 versus?
688 742 777 840 Aio.
828 742 999 819 Persam.
1013 742 1126 837 male,
1151 741 1183 822 si
1208 767 1286 817 non

281 868 480 967 Optimum
506 881 606 965 erat,
636 894 768 944 verum
797 892 947 967 nequeo
975 867 1153 943 dormire.
1203 864 1408 943 Teranei

279 995 519 1069 Transnanto
542 991 724 1088 Tiberim,
750 1017 885 1067 somno
916 992 1053 1089 quibus
1082 1003 1137 1067 est
1164 1016 1260 1089 opus
1287 990 1375 1086 alto,

277 1118 551 1217 Irriguumque
576 1144 684 1193 mero
711 1117 781 1191 sub
808 1128 961 1193 noctem
991 1141 1128 1214 corpus
1155 1115 1333 1192 habento.

230 1278 255 1315 ιο
281 1238 371 1337 Aut,
398 1242 430 1316 si
455 1252 581 1315 tantus
608 1266 716 1315 amor
742 1238 936 1316 scribendi
961 1250 999 1315 te
1025 1238 1134 1336 rapit,
1164 1240 1265 1316 aude

280 1366 452 1445 Caesaris
477 1365 610 1440 invicti
636 1391 695 1441 res
723 1364 861 1459 dicere,
891 1363 1011 1437 nrulta
1035 1363 1213 1439 laborum

279 1491 454 1567 Praemia
478 1491 636 1566 laturus.
689 1488 894 1586 Cupidum,
922 1498 1031 1585 pater
1058 1488 1211 1584 optime,
1241 1488 1340 1563 vires

280 1614 489 1690 Deficiunt:
516 1640 642 1714 neque
668 1614 771 1689 enim
798 1612 923 1713 quivis
949 1612 1143 1687 horrentia
1168 1611 1260 1710 pilis

257 1779 261 1792 ι
281 1740 452 1838 Agmina
476 1766 547 1849 neo
574 1742 696 1815 fracta
721 1752 924 1839 pereuntes
952 1737 1110 1836 cuspide
1133 1736 1267 1817 Gallos

230 1897 333 1951 librum
365 1898 395 1965 et
426 1896 579 1949 secundum
612 1895 806 1952 intercessisse
855 1890 1430 2019 Sat.l,4,41.10,it.-dsturs'p3snsndo

227 1965 401 2038 probabilius
427 1970 570 2034 putarent,
592 1984 705 2022 causam
727 1968 804 2023 inve·
857 1970 1007 2036 sumptum,
1027 1970 1060 2019 ιιι
1075 1964 1272 2030 sut.1‚1o‚44.
1316 1963 1382 2035 pist.
1393 1964 1429 2030 11,

227 2039 337 2093 uiantes
362 2036 476 2106 inipso
501 2037 576 2106 quod
605 2037 681 2092 inter
700 2040 804 2095 utrius·
858 2040 952 2101 laet.
988 2036 1068 2095 ovio.
1087 2052 1122 2090 ex
1138 2036 1220 2091 Pont.
1233 2036 1255 2101 1,
1267 2037 1293 2101 b,
1306 2038 1353 2091 13:
1373 2036 1431 2092 »lu-

247 2126 282 2163 us
300 2108 367 2163 libri
378 2108 479 2163 satiras
496 2109 615 2163 interest
636 2110 805 2167 discrimine.
856 2114 918 2164 otor
935 2106 1074 2163 deducere
1093 2124 1230 2162 versum«
1247 2136 1281 2149 -
1301 2114 1431 2179 optim

227 2126 299 2235 lam
325 2184 521 2249 praeterquam
546 2180 622 2249 quod
640 2180 755 2238 alterius
772 2184 805 2238 li·
857 2178 930 2251 erat]
950 2182 983 2233 ut
999 2194 1131 2251 graecum
1150 2174 1262 2251 ἄριστον
1280 2168 1328 2248 rim
1348 2178 1383 2233 of.
1402 2196 1430 2235 s.

228 2252 275 2311 bri
292 2251 396 2306 saurae
417 2252 566 2319 »numeria
595 2252 754 2310 elocutione
770 2273 804 2311 au
857 2253 890 2307 16
908 2263 1028 2323 peteras.
1066 2250 1224 2320 Nunquam,
1243 2250 1344 2321 inquit,
1362 2250 1432 2305 aeri-

228 2323 431 2405 compositione
460 2326 490 2376 et
518 2322 703 2411 perfectiores
738 2333 804 2382 sunt
854 2322 923 2378 bere
947 2320 1091 2391 debebam,
1119 2322 1167 2378 sed
1194 2340 1257 2407 sero
1282 2318 1432 2405 eonsilium

157 2442 159 2445 ’
227 2393 804 2524 ἓὲιΐ.ιιῖἶῗ.ιὲ.ῗὲῗὲἒέἓι.ἓῗέἐῗ
854 2390 1432 2536 itii.·fi‚t:tt.‘tltttttttttz

228 2540 258 2591 et
275 2536 445 2605 singularem
458 2535 596 2591 indolem«
614 2538 802 2605 (Praeiutast.
854 2536 957 2601 botius,
982 2539 1094 2605 sumpta
1112 2539 1179 2590 suut
1198 2552 1233 2591 ex
1251 2538 1311 2591 eins
1327 2540 1434 2592 natura

227 2608 297 2662 Hor.
336 2606 409 2677 sti),
440 2607 568 2663 iuvenilis
594 2611 679 2665 etiam
708 2612 804 2668 terror
855 2613 884 2664 st
902 2608 1037 2674 moribus,
1051 2623 1116 2661 nam
1129 2608 1226 2666 Cicero
1239 2608 1319 2664 daeo
1334 2607 1376 2666 sio
1393 2608 1433 2665 sd

228 2697 262 2734 ac
279 2625 453 2734 redamantis
472 2681 683 2748 sententiarum,
709 2685 804 2754 gravis
854 2678 999 2745 Famvll,
1010 2683 1091 2748 10,2:
1112 2680 1432 2750 »quinequeinoceauo

227 2751 257 2806 in
286 2751 450 2806 accusandis
488 2753 690 2824 carpendisque
725 2756 803 2810 vitiis
854 2755 954 2805 natare
971 2749 1094 2805 volueris
1113 2747 1431 2807 studiosissimushcmc

228 2823 378 2886 acerbitas,
397 2822 544 2878 liberrima
564 2823 738 2909 singulorum
754 2827 803 2882 ho·
854 2822 996 2886 usundi«
1015 2825 1045 2877 st
1062 2820 1122 2889 VH,
1134 2826 1185 2876 ιιι
1205 2822 1350 2878 »sslussras
1367 2822 1432 2878 lieri

227 2893 334 2947 minum
357 2893 507 2964 castigatio
537 2896 616 2950 molti
642 2912 675 2951 ac
691 2897 803 2968 placido
854 2895 929 2948 inter
947 2893 1065 2964 scyphos
1084 2898 1152 2947 eto-s
1165 2923 1198 2934 -
1211 2897 1264 2962 ar]
1287 2894 1431 2966 couimge

229 2963 386 3020 deducendi
402 2967 537 3021 sermonis
557 2966 656 3036 vigori,
678 2969 803 3025 conside·
854 2975 1094 3021 cumtrascnaaro.
1108 2963 1362 3022 Numernmautsm
1371 2970 1432 3022 ter·

226 3040 291 3092 rato
318 3036 436 3091 consilio
460 3053 493 3091 ac
518 3037 629 3092 lenitati
652 3039 804 3109 reprehen-
854 3038 964 3092 narium
982 3036 1082 3092 nimici
1100 3037 1240 3101 amabant,
1268 3038 1315 3106 qni
1340 3037 1370 3092 in
1394 3053 1432 3094 ec

229 3107 326 3172 sionis,
344 3109 418 3162 comi
436 3108 466 3160 in
485 3108 804 3168 vellicandishominum
855 3108 949 3164 nescio
968 3107 1036 3177 quid
1054 3106 1177 3177 magicae
1189 3109 1339 3177 potestatis
1352 3109 1432 3164 inse·

227 3195 261 3232 ac
285 3179 361 3234 ritas
389 3177 621 3248 perversitatibus
648 3183 803 3239 urbanitati
837 3179 977 3235 'aiebant
1011 3177 1046 3234 ul.
1064 3177 1157 3249 Epist.
1167 3179 1188 3243 1,
1202 3182 1225 3243 i,
1237 3182 1281 3234 37.
1302 3179 1394 3235 taum.
1404 3179 1431 3246 1,

227 3250 332 3319 ubique
349 3249 441 3306 cessit.
494 3249 554 3305 Hae
571 3255 666 3306 tamen
683 3254 803 3312 virtutes
855 3247 1109 3316 ieiunitas.
1130 3249 1341 3312 laven-60⁶2&
1369 3257 1432 3308 »ter

191 3329 196 3338 ’
227 3337 291 3375 cum
313 3321 343 3375 in
367 3321 573 3390 posterioribus
600 3324 694 3379 satiris
718 3326 804 3381 maio·
854 3320 993 3376 matutino
1022 3319 1117 3378 Tiberi
1145 3325 1313 3392 mergetur«
1367 3321 1431 3378 htv.

185 3409 282 3517 tit
296 3392 584 3519 „intulistis
601 3394 804 3523 fil‘rlollipll'
854 3391 993 3520 iili
1008 3392 1431 3522 'tiliis‘iillbplffiilllm

228 3504 382 3598 santonici,
409 3533 475 3602 quid
499 3503 632 3605 probibet
656 3538 804 3606 quominus
854 3536 944 3608 puter}
974 3533 1148 3590 reverentiae
1172 3481 1281 3600 nomdu,
1309 3551 1365 3605 quo
1387 3535 1432 3590 in·

227 3606 257 3659 in
269 3605 378 3659 homine
397 3605 569 3660 tricesimum
585 3609 687 3663 aetatis
700 3628 805 3666 annum
854 3609 949 3663 niores
971 3605 1187 3676 alloquebantur
1211 3605 1344 3662 seniores.
1389 3607 1430 3663 cf.

227 3691 341 3745 egresso
361 3675 496 3745 paulatim
514 3694 562 3732 eas
578 3680 750 3751 provenisse,
771 3684 801 3738 in
853 3697 878 3734 v.
893 3679 936 3734 60.
981 3678 1111 3733 (laterum
1128 3675 1198 3732 haec
1215 3677 1327 3732 Horatii
1344 3695 1432 3734 excu-

226 3747 432 3816 periectissimc
477 3749 658 3818 epistolarum
698 3770 802 3824 genere
852 3750 923 3804 satio
951 3747 1193 3818 frequentissima;
1225 3748 1313 3804 veluti
1337 3749 1431 3806 earm.

226 3817 347 3872 maxime
365 3819 490 3873 excultas
508 3819 673 3876 credamus?
849 3819 885 3887 II,
906 3824 947 3876 12.
985 3819 1033 3885 iv,
1051 3823 1076 3874 2.
1114 3817 1181 3888 Ι,6.
1207 3851 1239 3860 -
1266 3827 1358 3890 bactu
1382 3841 1430 3876 aa·

262 3887 295 3943 V.
308 3892 331 3942 1.
350 3891 529 3962 atvairpan]
545 3892 620 3946 ultra
638 3893 752 3949 modum
771 3898 800 3950 st
849 3891 935 3961 spiris]
966 3908 1037 3961 »qua
1063 3889 1431 3948 remanseramus.

226 3960 330 4016 iustum
359 3961 507 4015 satirarum
530 3961 623 4030 finam,
651 3963 687 4019 ei.
714 3967 748 4021 Α.
768 3963 798 4022 P.
849 3962 894 4018 Ex
914 3960 1031 4018 historia
1051 3961 1187 4018 deMario
1207 3962 1261 4018 hoo
1283 3967 1431 4034 sumptum

229 4035 295 4102 1853
324 4031 374 4087 sed
401 4032 491 4104 legem
520 4033 601 4099 dixit,
634 4052 698 4090 cum
727 4038 798 4093 iuris
851 4037 907 4102 est;
930 4050 994 4090 nam
1010 4033 1117 4090 Marius
1134 4033 1269 4092 adversus
1288 4033 1431 4092 Santmes

227 4105 383 4159 consultum
400 4105 601 4174 alloqueretur.
617 4106 726 4168 Deinde
744 4121 799 4165 ten·
849 4101 919 4161 talia
934 4107 993 4161 tela
1011 4109 1185 4161 commentus
1203 4109 1255 4170 est,
1278 4111 1311 4162 ιιι
1337 4107 1430 4162 insta

227 4179 290 4228 ders
308 4179 449 4245 sumptum
469 4177 505 4230 ab
523 4192 604 4248 arcu;
634 4196 689 4248 quo
713 4181 800 4236 etiam
851 4178 1039 4244 mitterentur,
1065 4194 1099 4232 ne
1117 4175 1225 4232 remitti
1243 4177 1278 4234 ab
1297 4177 1429 4234 hostibus

227 4247 303 4316 quod
329 4247 500 4301 contrarium
527 4247 572 4302 bio
597 4251 714 4319 ponitur
742 4259 800 4307 sine
870 4251 990 4306 essenis
1010 4247 1148 4318 Porphyr.
1167 4247 1311 4306 DsMario
1330 4254 1428 4304 summ

226 4315 512 4401 mrcisrst'erendnm.
532 4318 586 4387 Qui
604 4338 734 4378 enarrem
750 4341 801 4395 pu·
850 4266 906 4376 ll.
926 4319 1051 4392 cogitare
1069 4319 1192 4374 alienum
1210 4323 1268 4388 αις
1314 4319 1428 4377 rehabi-

226 4388 326 4443 tabant
350 4389 532 4457 Horutrausm
555 4393 678 4461 satiram,
702 4393 738 4450 iis
761 4395 799 4450 le·
849 4391 903 4448 lius
922 4391 957 4447 ds
976 4390 1092 4446 metaris
1121 4393 1151 4446 et
1244 4391 1249 4403 '
1346 4405 1431 4447 orum

225 4457 293 4528 pide
312 4459 458 4515 urbanitas
475 4463 567 4516 minus
584 4465 692 4547 placuit
715 4482 799 4535 quam
849 4463 940 4526 (Gaas.
958 4460 986 4516 b.
1002 4481 1031 4534 g.
1049 4461 1072 4526 Ι,
1088 4463 1133 4516 26.
1207 4501 1214 4528 ,
1234 4463 1272 4532 4),
1290 4462 1339 4534 qui
1359 4461 1432 4518 victi

226 4531 314 4585 durae
331 4529 474 4601 subsequa
491 4533 592 4590 Lucilii
607 4535 737 4594 seesima
760 4537 797 4593 cf.
848 4535 1009 4592 iudicantur
1026 4533 1124 4590 baeda
1141 4533 1206 4592 tetis
1230 4534 1280 4605 ita,
1308 4537 1341 4590 ut
1356 4532 1426 4589 Par·
