3125 5225
316 220 379 288 322
818 219 1010 289 llPODON

416 405 597 507 Aquoaua
622 408 745 482 Eurus
770 434 863 483 arva
888 408 999 486 radat
1024 408 1226 504 imbribuo,.

316 563 341 603 n
364 531 530 631 Pinguia
553 556 626 607 nec
649 532 758 607 siccis
779 544 940 607 urantur
965 533 1111 609 semina
1135 532 1270 633 glebis,
1325 582 1326 589 κ

409 657 622 757 Utrumque
648 682 739 757 rege
763 669 1001 755 temperante
1023 658 1216 735 coelitum.
1287 710 1295 727 ι
1344 642 1347 649 ’

363 780 450 855 Non
474 781 551 856 huc
572 779 705 881 Argoo
733 782 930 857 contendit
954 782 1100 881 remige
1125 784 1250 881 pinus,

410 905 546 1004 Neque
557 892 768 1004 'impudica
797 905 951 984 Colchis
976 907 1106 982 intulit
1131 906 1294 1005 pedem3

360 1029 448 1104 Non
470 1029 546 1105 huc
571 1028 722 1106 Sidonii
746 1042 942 1105 torserunt
968 1055 1112 1107 cornua
1133 1044 1283 1127 nautae,

311 1185 338 1223 n
409 1153 619 1229 Laboriosa
643 1177 713 1228 neo
739 1153 878 1261 cohors¹
905 1152 1039 1231 Ulixei.

360 1276 477 1353 Nulla
496 1288 638 1354 nocent
659 1276 789 1373 pecori
811 1277 997 1375 contagia,
1022 1276 1165 1353 nullius
1191 1280 1284 1355 autri

411 1403 579 1499 Gregem
604 1412 778 1477 tortuosa
802 1413 922 1476 torret
947 1401 1184 1499 impotentia.
1244 1394 1248 1399 ¹

359 1526 534 1623 Iuppiter
555 1523 624 1600 illa
648 1525 736 1622 piae
760 1525 923 1600 secrevit
944 1523 1074 1601 littora
1099 1528 1219 1625 genti,
1307 1587 1311 1593 .

218 1742 222 1751 ,
410 1651 461 1728 Ut
484 1649 703 1749 inquinavit
726 1673 815 1724 aere
836 1662 985 1747 tempus
1009 1675 1187 1749 aureum3

311 1806 337 1846 n
361 1771 475 1868 Aere,
504 1770 646 1849 dehinc
663 1773 767 1847 ferro
796 1770 948 1847 duravit
976 1772 1147 1849 saecular
1174 1800 1338 1873 quorum

409 1896 488 1972 Piis
513 1894 679 1971 secunda
704 1908 791 1971 vate
816 1922 877 1971 me
904 1896 1016 1973 datur
1040 1898 1145 1995 fuga.

310 2101 376 2151 aunt
401 2108 514 2161 auooaa3
539 2090 690 2147 artificiose
716 2090 806 2162 igitur
834 2091 887 2146 ad·'
932 2092 1033 2147 incolis
1065 2099 1094 2148 et
1191 2092 1252 2148 'bur
1283 2098 1387 2151 noceat
1416 2112 1502 2165 neque

309 2169 411 2224 iactiva
434 2180 540 2238 perae
567 2162 882 2219 contrario-vicinitate
933 2164 1106 2219 extrinsecus
1132 2181 1176 2219 ma
1227 2166 1351 2221 veniunt
1393 2164 1503 2223 Etenim

310 2241 436 2295 locorum
452 2235 602 2292 coniuncta
625 2238 698 2297 aunt,
726 2238 760 2287 ut
789 2251 880 2304 saepe.
934 2250 1018 2305 agros
1036 2252 1126 2304 neque
1147 2235 1248 2291 nimiae
1273 2238 1386 2307 pluviae
1403 2243 1502 2295 vexant

312 2342 344 2351 -
377 2314 437 2364 Non
460 2304 520 2373 tac]
546 2304 673 2359 intactae
691 2304 757 2358 illue
775 2304 883 2359 insulae
933 2320 986 2359 noo
1005 2306 1118 2361 aiecitaa
1135 2306 1237 2371 exurit,
1264 2308 1374 2364 incolae
1391 2328 1409 2365 a
1427 2326 1500 2379 perc-

310 2385 377 2436 aunt
394 2381 430 2434 ab
449 2376 594 2432 hominum
614 2375 779 2431 commercio
793 2394 883 2445 neque
934 2375 1022 2446 grinio
1039 2376 1267 2442 nonturbantur‚
1286 2380 1409 2449 pecudea
1431 2380 1502 2435 deni·

311 2452 433 2508 iniectae
463 2446 678 2519 cupiditatibus,
705 2452 882 2502 mercaturae
934 2464 987 2517 qua
1004 2446 1088 2503 nullis
1107 2448 1245 2521 contagii·
1265 2450 1406 2507 laborant
1451 2450 1501 2521 Igi-

311 2526 342 2578 et
372 2518 532 2577 commercii
562 2516 618 2571 illie
645 2516 758 2585 quidem
791 2517 881 2572 sociir.
933 2522 981 2571 tur
1006 2534 1096 2588 neque
1124 2518 1199 2589 agria
1226 2536 1316 2590 neque
1343 2520 1499 2577 hominibus

312 2592 396 2650 Guiua
413 2590 455 2647 rei
463 2588 567 2661 triplex
578 2586 695 2643 affertur
707 2588 880 2660 exemplum:
932 2606 1022 2660 neque
1047 2588 1200 2661 pecudibus
1225 2590 1377 2662 quidquam
1407 2593 1501 2648 timen-

311 2666 390 2748 Argo
407 2663 487 2720 navia
505 2677 568 2716 cnm
584 2660 692 2730 Medea,
710 2678 782 2730 quac
801 2666 883 2730 patre
933 2660 1000 2715 dum
1018 2666 1084 2716 eat«
1105 2657 1182 2716 Iahn.
1203 2691 1235 2702 -
1256 2663 1338 2734 astri]
1360 2663 1395 2720 oi.
1417 2665 1501 2720 Carnu

310 2738 409 2792 relicto
426 2731 881 2804 peregrinumrirumnecuteeat3
932 2729 981 2796 III.
1005 2733 1046 2800 1³,
1065 2733 1090 2788 9.
1117 2761 1151 2772 -
1177 2733 1252 2804 aare]
1270 2733 1339 2790 Trea
1358 2736 1446 2791 hebet
1462 2752 1501 2790 ac·

310 2806 419 2863 Sidonii
436 2809 546 2868 nautae,
571 2803 619 2872 qui
637 2807 670 2856 ut
687 2801 800 2857 divitiae
817 2819 882 2857 con·
932 2805 1022 2867 tates,
1062 2819 1188 2867 auream,
1222 2821 1348 2870 aereum,
1379 2808 1502 2869 ferream,

311 2879 457 2950 quirerent
481 2875 510 2930 in
528 2873 728 2928 remotissimae
753 2875 882 2943 regiones
933 2873 1034 2928 omissa
1062 2879 1205 2943 argentea.
1233 2906 1266 2914 -
1293 2897 1373 2944 cere,
1403 2875 1501 2944 detine]

310 2949 511 3022 penetrabant;
557 2942 652 2999 Ulixes
686 2946 816 2999 uersutus
854 2950 883 2999 et
933 2943 987 2998 Alii
1010 2961 1044 2998 ex
1068 2945 1149 3002 codd.
1170 2966 1252 3001 norea
1276 2951 1372 3002 detine
1404 2952 1504 3018 (mono-

309 3026 429 3077 aatutua.
472 3016 624 3072 Praeterea
648 3015 811 3080 notandum,
838 3033 884 3070 ea·
933 3015 1016 3084 ull),
1036 3033 1089 3086 qna
1106 3014 1226 3071 lectione
1240 3019 1399 3085 molestam,
1419 3023 1451 3074 ut
1467 3017 1503 3072 di-

309 3093 373 3149 dem
399 3089 456 3146 tria
483 3085 610 3156 exempla
636 3085 791 3140 clariaaima
822 3083 883 3142 eaa'e
933 3087 1044 3150 cebant,
1059 3087 1228 3158 anaphoram
1238 3088 1372 3146 vitarent.
1392 3091 1502 3146 Atvero

346 3182 361 3218 r
397 3160 594 3229 antiquitatem
632 3157 791 3228 longinquis
831 3175 883 3227 per
933 3161 1012 3212 recte
1021 3157 1243 3214 animadversum
1262 3165 1314 3224 eat,
1328 3161 1434 3216 referri
1446 3177 1505 3216 nna·

310 3181 452 3290 &eanum
468 3228 702 3300 navigationibus.
720 3259 754 3268 -
767 3229 880 3354 cornff
932 3227 1020 3298 phora
1047 3233 1217 3285 commotum
1243 3235 1345 3300 poetae
1377 3234 1502 3294 animum,

313 3311 497 3360 antennarum
514 3299 615 3370 capita
651 3297 728 3370 Virg.
746 3299 815 3354 Aen.

310 3379 370 3432 oto.
400 3373 478 3430 Ouid.
497 3371 565 3426 Mat.
584 3369 630 3433 xl,
650 3371 711 3426 476.
737 3397 770 3408 -
799 3371 881 3426 Natta
932 3370 1133 3456 pravationem.
1171 3371 1206 3426 cf.
1227 3390 1312 3443 supra
1330 3390 1357 3429 r.
1371 3377 1416 3430 41.
1455 3373 1502 3428 De·

310 3445 416 3516 meent]
437 3445 512 3498 »Hoc
530 3442 593 3496 loco
609 3441 743 3494 hiveraur
752 3440 784 3493 in
795 3441 881 3495 omni·
933 3441 999 3496 mdo
1017 3443 1041 3495 si
1060 3441 1126 3512 quid
1144 3442 1185 3497 ibi
1203 3443 1315 3498 molenti
1332 3451 1388 3511 ent,
1417 3445 1446 3500 id
1472 3461 1502 3498 ne

309 3520 363 3574 bna
381 3515 462 3572 codd.
479 3515 621 3584 leguntur.
641 3511 814 3581 Interprates
833 3529 880 3568 eor
932 3512 1071 3568 adiectiro
1115 3512 1227 3583 quidem
1263 3535 1346 3570 aerea
1383 3515 1502 3588 pellitur.

309 3592 360 3644 aut
383 3587 415 3640 in
440 3585 525 3640 alium
552 3583 644 3638 locum
663 3583 708 3637 vel
725 3587 791 3653 poat
809 3587 879 3638 not
933 3581 1086 3638 Praeterea
1109 3583 1265 3639 Meinekiur
1291 3584 1391 3642 docuit
1415 3591 1502 3642 detine

308 3659 355 3714 rel
372 3660 438 3729 poat
456 3674 482 3713 r.
499 3657 534 3710 to
560 3653 733 3708 tranaferunt
756 3657 806 3709 aut
829 3672 880 3724 pro
932 3655 1049 3710 Horatio
1078 3673 1135 3710 nun
1155 3671 1220 3710 uum
1251 3672 1312 3710 aare
1339 3659 1501 3726 monosylla-

310 3731 413 3802 apuriia
428 3728 541 3783 habent.
584 3724 638 3780 Sed
655 3729 738 3794 poeta
760 3725 882 3795 primum
931 3725 1007 3791 bum,
1036 3673 1279 3792 v.Sat.l,3,1ot.
1300 3731 1382 3794 5,97.
1425 3731 1456 3784 Δ.
1474 3727 1501 3782 Ρ.

310 3819 357 3858 oaa
384 3799 538 3856 insularum
568 3795 663 3860 dotes,
703 3811 773 3864 quae
806 3799 883 3850 terra
935 3799 1000 3864 1443
1024 3801 1123 3852 contra
1146 3797 1236 3852 eidem
1258 3815 1349 3868 neque
1370 3803 1433 3857 deta
1459 3816 1502 3852 un·

309 3875 371 3945 ipra
408 3869 601 3936 continentur,
632 3885 678 3922 w.
699 3869 805 3922 43-62
836 3867 884 3922 de·
933 3884 1016 3938 quam
1052 3868 1218 3939 bisyllabum
1243 3886 1333 3939 neque
1360 3873 1455 3926 deinde
1476 3873 1502 3924 et

311 3941 435 4014 aoripait,
463 3939 564 3996 deinde
587 3954 634 3993 raa
656 3953 727 4009 quoe
747 3939 882 3993 extrinae·
933 3943 1056 4010 deinceps
1074 3937 1250 4010 trisyllabum
1268 3944 1320 3996 ert.
1337 3941 1500 4015 Ἵππη]

309 4033 360 4072 cua
377 4014 495 4070 veniunt
510 4010 663 4067 aubiunxit.
708 4007 795 4064 Terra
813 4009 884 4064 nihil
933 4007 1079 4064 Genitivua
1098 4016 1142 4067 art
1159 4028 1241 4082 quern
1258 4011 1503 4070 nolemusobiecti·

309 4089 339 4142 in
358 4104 388 4142 ae
406 4083 532 4140 continet
556 4079 632 4152 quod
656 4085 708 4135 eut
732 4077 809 4150 agria
835 4085 884 4136 ant
933 4099 997 4138 rum
1015 4080 1118 4138 dicore.

875 3340 881 3364 ,
933 3316 988 3369 quo
1015 3299 1158 3355 intueatur
1182 3301 1295 3355 humani
1318 3305 1435 3373 generia
1463 3301 1503 3356 tle·
