3125 5225
373 284 459 351 LIB.
471 285 518 352 11.
539 283 679 352 CARM.
698 285 793 351 XVI.
816 284 927 352 XVII.
1187 285 1248 350 149
1278 381 1283 388 ι

247 473 423 548 Veatiunt
445 472 577 568 lanae3
606 473 703 549 mihi
725 499 846 573 parva
870 499 961 549 rura
985 486 1024 550 et

247 597 430 696 Spiritum
453 598 594 678 Graiae
616 611 769 675 tenuem
798 601 991 676 Camenae

246 723 367 798 Parca
386 747 465 796 non
490 722 656 796 mendax
681 721 790 798 dedit
814 734 852 798 et
876 721 1089 820 malignum

203 882 230 920 u
345 843 536 946 Spernere
560 846 711 944 vulgus.

595 1046 693 1058 -a—-b

469 1208 659 1296 Cannam
697 1211 823 1295 XVII.

245 1384 327 1460 Cur
351 1407 413 1456 me
440 1381 605 1480 querelis
631 1382 822 1457 exanimas
845 1382 948 1458 tuis?

240 1507 324 1582 Nec
350 1507 408 1581 dia
434 1506 598 1582 amicum
621 1519 677 1582 eat
701 1531 772 1583 nec
798 1506 891 1582 mihi
916 1519 953 1582 te
980 1507 1085 1604 priua

294 1629 425 1724 Obire,
451 1631 663 1724 Maecenate,
685 1655 857 1705 mearum

350 1753 507 1834 Grande
533 1753 649 1829 decue
673 1754 928 1852 columenque
954 1777 1094 1828 rerum.

211 1917 227 1978 a·
241 1905 309 1980 Ah
331 1917 369 1980 te
394 1930 503 1980 meae
517 1905 560 1979 'ai
586 1917 734 2002 partem
761 1905 913 1979 animae
949 1903 1047 2002 rapit

242 2029 432 2105 Mattuior
455 2029 522 2124 via,
551 2028 647 2128 quid
672 2053 802 2102 moror
827 2028 959 2122 altere,
989 2075 993 2082 ·

292 2155 374 2230 Neo
399 2181 509 2229 cerua
535 2179 657 2252 aeque
682 2179 755 2228 nec
779 2167 970 2251 superatos

341 2279 522 2378 Integer?
572 2277 647 2353 Ille
672 2276 752 2353 dica
778 2289 985 2376 utramque.

67 2492 113 2528 nan
131 2493 157 2530 ea
173 2477 345 2546 vanigatena
367 2475 415 2530 bei
440 2474 492 2530 der
506 2475 619 2528 lacerna
667 2474 748 2543 gravi
768 2475 871 2543 impetu
891 2473 1087 2537 convaluisset,
1109 2473 1243 2527 restituta

67 2547 107 2606 lein
121 2547 220 2602 oileum
238 2548 356 2615 Mantel,
374 2547 426 2601 der
443 2545 618 2619 gewdhnlich
667 2545 828 2599 valetudine
854 2561 909 2598 non
935 2543 992 2598 iam
1017 2543 1162 2617 gauderet,
1192 2543 1242 2598 aed

66 2621 192 2674 aohlnber
201 2620 255 2674 der
265 2618 384 2674 rechten
390 2620 518 2673 Schulter
529 2617 617 2671 durch
666 2633 703 2671 ue
713 2618 843 2672 redeunti
853 2618 952 2671 morbo
966 2634 1030 2670 mox
1046 2619 1241 2671 succumberet

66 2690 198 2746 eneflbnla
214 2689 618 2760 maammengehaitetwurde)
667 2690 800 2743 continuo
824 2704 928 2758 angore
949 2692 1132 2757 premeretur.
1180 2688 1239 2755 Qua

65 2762 124 2815 nieht
152 2781 186 2817 an
216 2764 328 2818 bunten
355 2762 466 2815 Farbeu
497 2758 614 2815 selden«
667 2760 752 2813 animi
772 2760 920 2815 affectione
938 2759 1003 2829 quid
1022 2759 1131 2813 triatiua
1148 2760 1241 2829 potuit

64 2833 114 2886 ibid
130 2838 215 2903 ulie:
241 2832 437 2888 ‚Namentlich
463 2848 520 2886 war
547 2831 617 2884 auch
666 2848 726 2885 eaae
745 2833 852 2901 optimo
872 2831 971 2891 amieo,
989 2830 1129 2885 Horatio?
1148 2832 1239 2898 Quare

64 2902 110 2956 hier
129 2904 177 2959 der
201 2904 332 2959 zweimal
350 2903 479 2973 geiirbte
497 2902 617 2971 Purpur,
667 2901 714 2956 hic
738 2902 818 2956 illum
845 2903 977 2957 admonet
999 2918 1034 2955 ne
1062 2902 1137 2957 vitae
1161 2918 1239 2969 apem

64 2976 167 3046 tuaene,
190 2978 233 3031 ata
257 2976 414 3030 beaondera
432 2974 550 3029 koatbar
570 2976 616 3027 be·
666 2973 789 3027 abiicere
814 2975 896 3042 relit;
935 2974 1046 3041 utrique
1080 2973 1238 3041 longiorem

63 3046 122 3111 tiebt,
137 3047 263 3102 wiewohl
281 3048 341 3101 acin
351 3046 461 3101 Geruch
475 3062 507 3099 ao
525 3044 616 3115 wenig
666 3046 752 3099 vitam
779 3045 873 3099 divino
897 3044 1015 3099 coneilio
1040 3060 1100 3097 eaeo
1118 3044 1240 3097 destina·

62 3119 189 3187 mgenehm
216 3136 287 3183 war,
312 3118 377 3171 daaa
394 3117 515 3170 Martini.
532 3116 579 3183 IV,
598 3120 616 3169 4
666 3120 740 3183 tam3
759 3118 839 3170 cuius
859 3115 1094 3171 reilucutantum
1113 3116 1238 3169 teatimo-

61 3196 125 3242 mter
139 3191 329 3259 einerllenge
346 3206 402 3242 von
418 3187 508 3242 loedia
523 3186 615 3240 odori·
665 3188 741 3240 nium
768 3191 918 3257 utrumque
945 3187 1093 3255 accepisse,
1118 3188 1238 3239 alterum

61 3258 102 3311 bus
118 3261 183 3316 auch
203 3266 308 3316 neunt:
338 3260 413 3330 quod
439 3258 615 3312 bia·murice
665 3259 693 3311 in
712 3259 801 3312 aalute
820 3276 855 3312 ex
873 3259 971 3312 morbo
985 3258 1123 3322 restituta,
1146 3259 1175 3311 in
1193 3274 1237 3312 ca-

61 3331 127 3386 rellm
142 3333 393 3403 inquinatum...
430 3329 503 3389 Eine
521 3330 615 3384 aolche
664 3331 724 3399 pite
742 3330 894 3384 euadente
912 3330 1142 3384 arboream-vato
1169 3328 1238 3383 alte·
1351 3330 1357 3339 '

60 3402 148 3457 lamnia
164 3405 229 3457 kam
248 3402 394 3464 auweilen
423 3402 475 3455 wie
493 3401 614 3456 Martini.
664 3416 735 3455 rum.
753 3402 859 3468 Quibus
878 3402 994 3455 deorum
1010 3399 1153 3454 beneficiis
1171 3400 1239 3470 quid

60 3470 612 3543 ilitioenahtt‚1000080at.(2000fr.).‹
654 3472 741 3525 'alind
773 3473 885 3527 ostendi
913 3472 967 3525 nisi
998 3472 1148 3525 coniuncta
1177 3488 1238 3525 eaae

60 3544 84 3597 at.
99 3546 180 3615 apen
201 3550 244 3613 12,
269 3549 313 3599 21.
349 3545 440 3614 Epist.
452 3544 486 3610 11,
505 3548 530 3608 2,
554 3547 613 3597 181.
663 3544 810 3613 utriusque
829 3543 906 3597 lata?
955 3542 1037 3595 Anno
1055 3542 1167 3595 videtur
1185 3544 1238 3597 hoc

63 3644 81 3651 -
101 3618 207 3685 imm]
226 3616 362 3671 subtilem
382 3621 413 3669 et
429 3616 612 3687 ingeniosum.
663 3613 776 3668 narnien
805 3632 864 3668 eaae
894 3616 1029 3682 scriptum
1055 3614 1152 3667 eodem
1182 3630 1237 3683 qno

59 3684 125 3741 etl.
142 3688 170 3742 Ρ.
184 3691 229 3742 46.
255 3716 284 3727 -
305 3690 464 3758 antiquam]
487 3687 614 3756 iniquum
663 3685 746 3738 hniua
765 3686 884 3747 librili,
906 3685 941 3739 ad
960 3684 1034 3753 quod
1052 3685 1124 3739 vide.
1142 3684 1236 3739 Facile

59 3758 90 3825 ia,
111 3761 154 3829 qui
178 3760 276 3830 aliqua
296 3759 379 3813 lande
402 3758 551 3812 excellunt.
578 3788 613 3797 -
663 3756 840 3826 intelligitur,
867 3760 960 3810 totum
986 3756 1039 3809 hoc
1068 3757 1238 3810 tenerrimae

60 3848 98 3882 aaa
112 3832 233 3901 mendae]
254 3830 289 3886 ot.
311 3831 401 3884 Carra.
418 3830 487 3884 Sacc
514 3832 558 3883 26.
662 3828 801 3881 amicitiae
818 3828 1011 3882 testimonium
1029 3827 1058 3879 in
1069 3828 1137 3881 dnae
1149 3828 1237 3881 dividi

662 3899 790 3967 aequales
809 3904 914 3969 partes,
936 3914 1054 3968 quarum
1065 3900 1144 3967 quasi
1157 3914 1236 3968 prae·

196 4008 265 4061 οη
274 4026 349 4064 ”¹⁰¹¹
367 4004 454 4062 XVII·
662 3970 778 4094 millis
798 3975 956 4113 lllalillll
971 3974 1113 4094 2inoerore
1138 4040 1235 4094 affinia.

84 4108 140 4163 Cum
157 4110 305 4166 Maecenas
322 4110 467 4180 perpetuis
484 4110 611 4165 febribua
660 4113 717 4166 Sat.
736 4112 759 4176 1,
779 4118 805 4177 4,
829 4116 886 4169 127.
932 4112 987 4168 cto.
1007 4128 1059 4182 pro
1077 4110 1136 4165 Mil.
1156 4116 1233 4176 c.34,

59 4174 177 4235 iterare
189 4212 217 4223 -·
232 4184 270 4236 de
287 4199 343 4251 qua
360 4198 392 4235 re
410 4182 516 4235 Plinius
532 4182 564 4235 H.
575 4181 610 4235 N.
661 4186 704 4239 93.
716 4214 748 4223 -
760 4186 838 4239 daem
856 4182 1037 4254 culiimmqiee]
1054 4182 1152 4237 eadem
1166 4184 1234 4237 haec

60 4244 104 4314 l'IL
119 4256 166 4305 51:
195 4254 388 4320 »Quibusdam
411 4257 546 4321 perpetua
569 4254 610 4307 fe-
661 4260 826 4309 ornamenta
851 4273 921 4325 quae
947 4256 1036 4309 Germ.
1057 4254 1077 4317 Ι,
1100 4258 1123 4317 l,
1143 4258 1168 4305 2.
1198 4284 1229 4295 -

60 4318 102 4397 bria
116 4330 156 4377 eat
174 4326 250 4380 aient
271 4325 300 4377 C.
321 4324 486 4377 Maecenati.
510 4324 611 4378 Eidem
659 4338 763 4397 partem
790 4327 907 4397 antinno]
939 4326 973 4381 ef.
996 4327 1086 4380 Germ.
1108 4324 1135 4387 1,
1156 4328 1187 4389 3,
1207 4329 1232 4388 8,

60 4395 159 4447 tnennio
184 4411 319 4465 supremo
345 4394 424 4447 nullo
449 4396 534 4449 horae
552 4413 611 4450 mo·
659 4396 709 4450 ubi
736 4397 808 4452 vide.
844 4426 877 4437 -
915 4418 996 4451 carin
1025 4396 1119 4467 aeque]
1150 4401 1233 4465 atque

60 4469 133 4517 uento
149 4467 270 4537 contigit
288 4482 419 4519 eorunm«
439 4494 481 4530 -,
507 4468 608 4521 aenaim
658 4485 733 4521 nunc
761 4486 832 4525 anm.
879 4467 939 4536 Quo
968 4469 1067 4530 verbo,
1101 4468 1167 4535 quid
1197 4468 1235 4521 ait

61 4537 121 4586 nuta
138 4538 195 4589 eiua
217 4538 348 4591 animum
369 4552 515 4605 oceupaaae
534 4540 608 4593 vide·
659 4538 759 4608 quidve
785 4542 877 4595 valcat
902 4542 992 4593 totum
1018 4554 1047 4592 ae
1071 4539 1173 4593 debere
1194 4540 1234 4593 ait

60 4609 224 4677 minutia
249 4614 286 4663 ut
303 4622 373 4661 cnm
388 4612 454 4662 tune
467 4609 555 4679 ipsum
573 4626 609 4665 ax
658 4610 823 4667 Maecenati.
848 4610 884 4666 cl.
895 4610 986 4681 Epist.
997 4610 1019 4679 l,
1036 4614 1059 4675 3,
1073 4611 1116 4664 29.
1141 4608 1232 4681 Epod.
