3125 5225
486 247 572 312 LIB.
595 249 622 314 1.
646 245 786 316 OARM.
805 247 947 313 XXXV.
1258 249 1319 316 103

278 470 303 508 ιο
322 433 520 534 Urbesque
545 449 757 536 gentesque
784 452 823 514 et
846 437 1002 514 Latium
1029 439 1138 513 ferox

366 558 591 661 {legumque
616 575 757 640 matres
783 564 1037 640 barbarorum
1063 575 1101 640 et

420 682 610 784 Purpurei
636 700 811 762 metuunt
834 689 998 784 tyranni,

318 833 510 910 iniurioso
536 861 585 912 ne
609 835 712 936 pede
735 863 898 936 proruas

317 957 488 1034 Stantem
515 960 743 1058 columnam,
771 987 846 1038 neu
872 965 1038 1063 populus
1061 968 1243 1066 frequens

278 1117 303 1156 n
369 1083 435 1160 Ad
461 1109 568 1160 arms
594 1103 794 1185 cessantes,
817 1090 873 1171 ,ad
899 1115 1006 1165 arma

417 1213 594 1290 Concitet
618 1215 901 1315 imperiumque
926 1217 1089 1315 frangat.

317 1358 372 1436 Te
397 1387 548 1460 semper
574 1367 693 1440 anteit
719 1391 832 1441 saeva
856 1365 1071 1442 Necessitas

317 1483 456 1562 Claros
483 1486 648 1563 trabales
676 1501 713 1564 et
739 1513 879 1564 cuneos
906 1513 1021 1564 manu

369 1611 530 1688 (testans
557 1623 665 1708 aena,
692 1635 762 1687 nec
788 1634 941 1687 severus

275 1767 301 1806 se
417 1733 544 1811 Uncus
571 1738 679 1812 abest
701 1735 971 1836 liquidumque
991 1739 1203 1836 plumbum.

116 1882 225 1947 111,ι4,
244 1885 262 1938 9
282 1902 322 1955 sq.
345 1909 375 1920 -
398 1885 434 1954 et]
460 1883 524 1939 vide
547 1885 583 1939 ad
601 1887 691 1942 Garm.
743 1895 808 1938 nsm
816 1883 975 1939 Necessitas
994 1883 1127 1954 praeiret,
1140 1884 1209 1954 Spes
1220 1885 1316 1941 Fides-

114 1954 135 2018 l,
148 1957 173 2016 7,
185 1957 214 2010 6.
743 1971 797 2025 que
815 1961 1005 2024 sequerentur.
1024 1985 1058 1996 -·
1075 1959 1166 2010 clauos
1186 1957 1315 2026 trabales]

149 2025 181 2082 V.
196 2030 239 2083 lt.
258 2027 351 2097 Stare]
377 2024 413 2079 rie
431 2025 567 2081 aedificiis
584 2031 692 2082 exstru-
741 2025 778 2079 Hi
795 2030 825 2080 et
848 2027 964 2094 reliqua
989 2042 1060 2094 quas
1078 2026 1247 2082 Necessitati
1266 2027 1317 2082 tri·

113 2097 166 2152 ctis
187 2103 217 2154 et
301 2097 380 2162 eutis,
407 2099 439 2150 ut
457 2096 536 2152 Ovid.
556 2097 624 2152 Met.
643 2099 691 2166 111,
741 2099 876 2162 hunnum,
908 2098 1067 2167 exprimunt
1092 2097 1255 2154 firmitatem
1284 2117 1317 2154 ac

117 2171 175 2223 131.
247 2171 330 2237 ,20b
386 2167 519 2224 Columna
548 2167 690 2224 firmitatis
742 2169 935 2222 stsbilitatem.
980 2167 1016 2222 cf.
1045 2169 1134 2223 Germ.
1159 2169 1208 2233 ΠΙ,
1228 2173 1272 2234 tt,
1289 2174 1314 2224 7.

113 2241 225 2310 siguum
242 2243 287 2295 est
304 2242 334 2294 et
354 2239 573 2307 dominationem
590 2240 690 2296 firmis·
741 2239 813 2294 Nem
837 2241 868 2294 in
892 2240 1073 2310 proverbium
1097 2241 1183 2296 etiam
1203 2243 1316 2296 transiit
1348 2289 1355 2298 .

112 2311 212 2366 simam
241 2311 359 2366 indicat.
404 2310 436 2365 In
454 2312 577 2381 antiquis
595 2331 690 2366 monu-
742 2311 819 2366 clueo
832 2313 934 2365 trabali
951 2316 1032 2383 fitero
1052 2315 1164 2382 aliquid,
1183 2330 1238 2382 quo
1257 2330 1316 2368 eer-

111 2383 216 2438 mentis
240 2381 323 2446 Paci.
355 2382 519 2447 Seeufitsti,
550 2382 691 2438 Felicitati
742 2381 880 2441 tissimum
909 2381 1015 2451 aliquid
1041 2399 1103 2436 esse
1132 2383 1315 2439 indicaretur.

111 2454 244 2510 columna
269 2455 394 2509 additur.
439 2453 497 2508 lam
526 2471 597 2524 quae
620 2455 691 2510 inse·
741 2454 775 2508 ol.
805 2454 861 2507 Cio.
880 2452 960 2508 Verr.
979 2453 1019 2517 11,
1037 2456 1068 2521 ὁ,
1089 2458 1136 2508 21:
1184 2455 1237 2510 »Ut
1262 2455 1315 2510 hoo

111 2531 239 2596 qunntur
265 2547 317 2580 seu
346 2546 408 2595 pop.
433 2530 500 2594 [req.
526 2525 596 2582 nibil
624 2526 690 2582 novi
739 2523 914 2591 beneficium,
942 2525 1175 2593 quemadmodum
1203 2527 1314 2591 dicitur,

110 2596 229 2661 addunt,
249 2595 462 2652 sedHoratisno
475 2614 551 2652 more
574 2598 689 2653 eandem
740 2596 820 2653 clavo
838 2595 943 2653 trabali
960 2594 1085 2667 figeret«
1106 2597 1139 2653 ln
1154 2616 1316 2654 monumen·

110 2686 172 2723 rein
191 2670 307 2726 uberius
325 2668 503 2724 collustrant.
525 2698 556 2711 -
574 2674 688 2739 populun
739 2670 776 2723 tis
795 2669 879 2723 ctiam
896 2673 969 2723 cluet
982 2668 1124 2723 Fortunae
1138 2670 1246 2724 Antisti
1263 2670 1313 2725 tri·

110 2744 239 2809 [requies
278 2756 335 2794 nou
359 2740 480 2809 plurima
499 2754 565 2809 pars
584 2742 688 2810 populi,
740 2742 874 2797 buuutur.
903 2739 988 2794 Uncis
1005 2745 1100 2794 autem
1120 2740 1218 2795 ferreis
1236 2741 1311 2811 (ideo

109 2811 162 2865 ne
188 2828 217 2865 m
247 2812 342 2865 titudo
371 2811 577 2865 concitaturum
602 2812 690 2867 homi·
739 2811 857 2879 severis)
877 2810 984 2879 lapides
1000 2810 1315 2867 firmissimecontinen·

108 2898 179 2936 ιιιιιιι
202 2884 330 2951 reliquos
355 2882 559 2952 angitsntimn
583 2884 619 2938 ad
647 2900 689 2938 ar·
738 2888 802 2947 tur,
832 2882 1000 2952 praesertim
1029 2898 1093 2936 cum
1121 2886 1253 2951 liquatum
1280 2884 1316 2938 iis

107 2970 210 3023 mque
237 2953 408 3009 vooantisun.
453 2952 525 3007 Dein
548 2957 584 3008 ad
610 2974 706 3015 arma,
757 2952 1315 3009 tumtsmcircumiundatur.b1ultihunc

105 3025 153 3079 bis
172 3026 297 3094 positum
315 3028 360 3079 eat
384 3025 414 3078 in
434 3024 593 3079 illustribus
618 3026 689 3081 louis
738 2976 849 3079 iloratii
874 3025 969 3078 locum
996 3026 1194 3094 vituperamnt
1217 3026 1315 3094 (veluti

104 3096 135 3165 (t.
156 3112 183 3151 e.
201 3096 340 3165 inprims
358 3102 389 3149 et
402 3101 527 3151 extrema
544 3097 609 3151 sede
629 3114 689 3151 ver·
741 3100 898 3165 testesque
908 3095 1047 3159 Laocoon,
1060 3095 1129 3165 Opp.
1143 3094 1186 3150 ed.
1202 3095 1314 3152 Iacbm.

105 3169 175 3235 sus),
195 3173 231 3221 ut
246 3168 400 3237 repetitum
420 3167 688 3222 acterribilemela·
740 3166 786 3220 VI.
808 3184 835 3236 p.
849 3169 911 3236 lte)
937 3172 1056 3238 propter
1083 3166 1197 3220 nimiam
1220 3184 1316 3222 rerum

107 3256 219 3294 morem
238 3240 295 3309 ipsi
313 3236 350 3292 ad
367 3238 518 3293 tumultum
535 3240 614 3307 quasi
641 3240 688 3293 sd·
739 3239 939 3293 attributorum
967 3239 1077 3307 copiam
1104 3239 1199 3293 oculos
1225 3240 1315 3311 magis

102 3310 186 3366 missi
205 3310 362 3373 studiturus,
389 3308 424 3363 oi.
442 3309 521 3364 Osiri.
541 3310 609 3365 Met.
627 3310 689 3374 xit,
739 3326 822 3379 quam
853 3326 936 3363 aures
970 3310 1152 3364 moventium.
1213 3314 1316 3365 uerter

103 3384 169 3437 241.
190 3381 307 3445 xisti
317 3397 358 3448 sq.
394 3422 398 3431 .
738 3380 812 3435 Krit.
832 3380 1064 3435 wildenwerke
1083 3398 1133 3433 aur
1151 3380 1315 3437 achtinlait.

139 3454 173 3509 V.
197 3456 241 3507 17.
269 3451 364 3521 sums]
401 3451 457 3505 Pro
488 3451 602 3522 vulgata
636 3453 688 3507 bac
738 3470 765 3506 u.
789 3450 890 3506 Kunst.
916 3451 990 3505 Xlll.
1017 3469 1045 3521 p.
1064 3455 1114 3507 139
1131 3469 1191 3520 sqq.
1226 3452 1316 3508 Hora·

101 3527 250 3595 scriptura
274 3523 357 3577 multi
380 3528 409 3578 ct
435 3522 624 3593 antiquissimi
642 3541 689 3579 eo·
739 3524 811 3577 tium
849 3540 904 3577 nou
938 3524 1030 3576 minus
1066 3523 1254 3592 reprehendit.
1280 3554 1314 3564 -·

102 3596 183 3651 diues
201 3596 344 3665 praebent
362 3614 450 3657 enea,
476 3595 551 3664 quod
576 3614 640 3649 uum
659 3602 689 3650 et
739 3598 801 3649 alte
819 3595 920 3665 passo]
940 3594 1070 3649 candoris
1093 3598 1123 3648 et
1138 3594 1316 3649 innocentiae

102 3666 368 3735 antiquissimorum
386 3664 514 3720 codicum
530 3666 689 3721 adnotatio·
738 3666 858 3735 signum.
893 3665 970 3721 Serv.
989 3666 1026 3720 ad
1044 3666 1200 3735 Virqaen.
1213 3666 1234 3730 l,
1247 3669 1315 3721 292:

104 3739 190 3793 nibus
218 3742 249 3792 et
274 3736 489 3793 scholiastarum
517 3738 688 3793 auctoritate
741 3737 785 3790 »ei
795 3736 896 3802 (Fidei)
912 3741 973 3792 atto
987 3756 1076 3806 pesse
1093 3736 1219 3791 involuta
1232 3755 1314 3792 mauu

104 3810 328 3875 commendetur,
336 3807 687 3877 fortassepraeststaltcri.
739 3807 958 3873 sacrificabatur,
984 3826 1033 3877 per
1057 3808 1132 3876 quod
1156 3810 1315 3863 ostenditur

106 3880 281 3951 qumquam
293 3880 455 3949 comparari
472 3879 555 3935 debet
575 3878 688 3951 κρατερὴ
738 3879 821 3933 fidem
851 3880 955 3934 debere
980 3896 1040 3934 esso
1068 3882 1230 3934 secretam«
1279 3880 1314 3935 cf.

106 3948 215 4021 ἀνάγκη
232 3950 323 4019 (Hom.
344 3952 397 4007 od.
418 3950 451 4013 Χ,
471 3952 535 4017 ate)
556 3958 585 4005 et
611 3950 688 4018 δεινὴ
738 3950 905 4014 Liv.1‚21.
948 3950 1021 4005 Hine
1046 3968 1167 4020 pannum
1193 3951 1314 4005 asscri-

108 4030 137 4077 ει
160 4024 236 4094 apud
259 4024 369 4078 Horst:
379 4022 428 4089 111,
447 4023 524 4087 att
555 4026 617 4077 dira
643 4044 688 4078 ne·
738 4020 887 4077 ficantibus
923 4022 958 4076 ad
993 4023 1084 4091 ipsam
1119 4022 1201 4077 deam
1229 4027 1315 4091 poeta

107 4102 227 4149 mutos.
273 4096 411 4150 Ceterum
433 4092 598 4149 Lambinus:
632 4095 688 4149 »in·
737 4095 891 4147 transtulit.
920 4122 954 4133 -·
983 4093 1109 4165 uisaque]
1138 4111 1176 4150 so.
1206 4110 1252 4157 se,
1280 4097 1315 4155 nt

108 4166 287 4239 telligendum
312 4171 369 4230 est,
402 4164 471 4219 haec
493 4164 579 4220 luisse
608 4166 687 4219 Antii
737 4164 818 4218 Ovis
830 4166 863 4217 A.
876 4166 909 4218 Δ.
927 4165 955 4232 1,
977 4168 1041 4219 127:
1079 4164 1126 4218 »Si
1151 4182 1207 4234 qua
1234 4182 1315 4234 repu-

109 4238 135 4293 iu
151 4241 244 4297 tabula
262 4238 393 4309 depicta,
420 4252 491 4304 quse
508 4253 582 4291 nuno
599 4236 687 4291 Hora·
738 4242 840 4304 gnmt
857 4236 973 4290 nimium
991 4235 1178 4304 comitemque
1196 4240 1315 4305 negarat

107 4312 158 4368 tius
175 4312 256 4370 nobis
274 4307 484 4382 pulcherrimis
495 4308 621 4363 versibus
641 4326 686 4363 ex·
738 4315 817 4373 (sete
854 4306 985 4362 Ceterum
1004 4307 1146 4376 poeticum
1163 4306 1217 4360 hoc
1234 4324 1314 4361 roca·

100 4402 191 4455 prm
210 4382 387 4457 proponit«
436 4378 502 4432 Fuit
519 4379 611 4442 etiam,
639 4380 687 4449 qui
737 4378 835 4432 bulum
853 4390 920 4448 post
928 4378 1050 4449 Augusti
1062 4377 1174 4432 demum
1190 4382 1313 4432 aetatem

96 4460 128 4516 sle
143 4475 248 4531 pompa
268 4448 441 4509 sollennie
481 4450 572 4514 taret,
589 4451 687 4520 inqua
738 4448 774 4503 ad
818 4466 911 4504 rosam
937 4449 1094 4504 orationem
1120 4448 1241 4503 transiit.
1277 4448 1314 4504 of.

92 4538 198 4589 statuae
216 4519 434 4587 Necessitatis,
476 4526 601 4583 ortunae,
620 4521 686 4591 Spei
738 4520 817 4577 Ovi.
844 4538 879 4575 ex
903 4521 985 4576 Pont.
1009 4521 1037 4589 1,
1060 4524 1094 4585 9,
1115 4523 1162 4574 15:
1200 4519 1315 4574 »inuit

88 4616 113 4665 ,q
128 4606 211 4663 Μ
231 4597 448 4675 portarentur,
470 4592 511 4647 ita
535 4596 566 4645 nt
584 4592 685 4649 Fortu·
738 4592 785 4647 ille
801 4591 879 4657 mibi,
907 4610 971 4647 oum
994 4608 1059 4662 pars
1084 4608 1129 4647 me
1152 4608 1255 4663 magna
1271 4608 1314 4646 re·
