3125 5225
768 237 1021 310 CARMINUM

544 427 743 504 Cervicem
768 454 928 526 roseam,
956 454 1065 506 cerea
1090 426 1250 526 Telephi

443 545 594 624 Laudas
621 551 787 648 brechia,
815 577 887 628 vae
912 577 1041 629 meum

540 673 707 751 Ferreus
735 675 887 752 difficili
913 676 992 752 bile
1016 689 1139 752 tumet
1163 677 1279 754 iecur.

413 832 425 872 s
444 797 543 876 Tum
567 825 639 876 nec
660 827 766 878 mens
792 803 890 878 mihi
910 829 982 880 nec
1005 802 1113 879 color

543 925 658 1005 Certe
681 925 774 1001 sede
800 940 966 1024 manent,
993 927 1132 1003 humor
1155 942 1214 1003 est
1237 929 1278 1004 in
1304 952 1424 1028 genus

443 1048 592 1154 Furtim
617 1048 760 1124 labitur
786 1075 950 1148 arguens

542 1174 668 1267 Quam
692 1174 805 1251 lentis
830 1177 983 1274 penitus
1007 1203 1177 1254 macerer
1200 1178 1367 1278 ignibus.

441 1299 550 1395 l‘ror,
577 1327 643 1376 seu
666 1302 737 1378 tibi
764 1300 948 1376 candidos

402 1456 427 1494 ιι
547 1425 767 1524 Turperunt
791 1425 970 1502 humeros
996 1427 1227 1504 immodicae
1251 1453 1358 1503 mero

441 1547 568 1644 Rixee,
597 1549 677 1623 sive
701 1573 799 1647 puer
820 1551 951 1626 furens

541 1670 741 1772 Impressit
765 1697 975 1748 memorem
1003 1673 1117 1750 dente
1141 1674 1259 1750 labris
1285 1689 1431 1752 notam.

440 1797 538 1893 Non,
567 1797 599 1872 si
625 1797 804 1888 measetis
829 1797 974 1894 audias,

541 1923 677 2020 Speres
705 1936 935 2022 perpetuum
960 1922 1088 1998 dulcia
1111 1923 1274 2000 barbare

399 2083 423 2122 ιι
441 2047 676 2124 Laedentem
703 2049 842 2144 oscula,
869 2075 968 2148 quae
992 2048 1120 2123 Venus

541 2169 686 2265 Quinta
710 2185 819 2269 perte
842 2172 901 2247 sui
926 2173 1088 2248 nectaris
1114 2172 1264 2247 imbuit.

438 2297 584 2374 Felices
610 2312 668 2373 ter
690 2311 729 2373 et
752 2297 928 2395 emplius,

538 2421 644 2514 Quos
672 2423 821 2520 irrupta
846 2432 952 2497 tenet
976 2419 1115 2517 copule
1138 2446 1210 2498 nec
1233 2423 1344 2498 melis

439 2548 619 2625 Divulsus
647 2549 897 2651 querimoniis

396 2708 422 2748 so
541 2673 729 2772 Suprema
753 2672 865 2749 eitius
890 2670 1015 2747 solvet
1038 2697 1147 2747 emor
1170 2652 1244 2747 die.

289 2863 409 2931 propter
418 2854 657 2931 pulcliritudinem
664 2858 786 2923 laudere,
799 2874 864 2928 poe·
916 2874 968 2929 per
976 2876 1005 2914 se
1016 2862 1209 2929 expetuntur«
1221 2856 1327 2926 Quibus
1337 2857 1495 2928 singularis

290 2936 336 2987 tue
354 2932 460 2987 invidis
478 2936 508 2987 et
534 2934 577 2987 ira
603 2930 771 2986 incenditur.
819 2930 864 2983 ln·
915 2943 1005 2985 manes
1021 2932 1116 3000 pluoet
1132 2931 1167 2985 iis
1183 2930 1275 2985 brevis
1298 2929 1408 2999 syllaba
1427 2947 1491 2985 cee-

287 3007 400 3058 certum
418 3008 470 3069 est,
490 3020 545 3073 quo
565 3005 602 3059 sit
615 3009 742 3073 tempore
752 3016 863 3072 compo·
915 3019 997 3056 surse
1013 3002 1042 3055 ri
1066 2999 1225 3057 excusando
1249 3006 1306 3070 est;
1331 3000 1366 3056 cf.
1384 3000 1423 3065 Π,
1449 3004 1492 3064 13,

286 3074 373 3129 situm
391 3090 510 3129 carmen.
917 3076 958 3127 16.
978 3072 1026 3138 111,
1047 3075 1088 3138 16,
1106 3075 1150 3127 26.
1170 3100 1202 3113 «-
1224 3071 1329 3141 turem]
1350 3070 1385 3126 cf.
1396 3072 1495 3128 Germ.

321 3144 354 3199 V.
368 3148 390 3200 1.
413 3145 529 3217 Telephi]
556 3144 653 3200 fictum
680 3148 724 3198 est
745 3160 862 3211 nomeu3
914 3143 961 3209 lv,
986 3146 1070 3208 1,34.
1090 3174 1122 3183 -
1141 3144 1249 3214 furtim]
1269 3148 1411 3213 utusque
1429 3145 1494 3214 ipse
1545 3177 1546 3180 =

287 3216 366 3270 euius
387 3217 500 3285 quidem
511 3217 626 3287 egregie
644 3215 758 3269 iteratio
771 3215 863 3269 imite-
914 3216 999 3269 sciam
1018 3231 1107 3284 neque
1125 3216 1230 3285 possim
1247 3215 1415 3270 retinere-
1432 3219 1495 3272 lers-

286 3291 335 3341 tur
350 3286 645 3357 Lydisefrequentem
662 3287 722 3341 eius
741 3286 862 3341 nominis
914 3293 949 3341 ιιι
979 3286 1096 3357 ipsiius]
1124 3285 1160 3339 de
1184 3286 1294 3341 occultu
1326 3286 1355 3340 ri
1382 3287 1494 3341 umoris

285 3358 626 3413 commemorationem-
640 3378 719 3413 cerea
737 3358 860 3428 bractia]
912 3356 1050 3427 paulatim
1068 3356 1118 3411 sed
1140 3362 1217 3413 certe
1248 3354 1435 3411 conficientis.
1459 3390 1493 3399 ψ

285 3428 403 3485 osndids
426 3434 460 3483 ut
485 3446 549 3485 cera
576 3430 646 3484 albu
692 3428 738 3483 Sio
766 3446 862 3484 omnes
913 3440 1059 3501 turparunt
1075 3429 1210 3499 humeros]
1236 3428 1390 3483 Iracundus
1412 3430 1492 3483 enim

285 3499 366 3555 codd.
387 3500 472 3565 MSS.¹
500 3500 643 3556 Bentleius
669 3502 763 3554 temen
781 3517 862 3569 prse-
913 3508 957 3554 est
982 3496 1130 3567 Telephus.
1175 3500 1211 3554 ci.
1229 3498 1319 3553 curm.
1337 3499 1360 3563 1,
1380 3501 1424 3563 17,
1447 3504 1494 3555 25.

285 3572 352 3627 tulit
380 3590 414 3627 ex
432 3572 530 3627 Fluvio
559 3572 649 3642 Capro
678 3570 861 3641 grammatico
912 3588 972 3641 sqq.
1004 3598 1035 3611 -
1064 3574 1158 3639 quinta
1181 3583 1260 3642 parre
1284 3576 1328 3625 rui
1353 3573 1492 3643 umoris]

287 3646 385 3709 lueres,
418 3659 537 3712 eumque
563 3643 652 3697 secuti
679 3646 744 3696 sunt
769 3642 861 3697 Peerl-
911 3641 1012 3711 Ibycus
1042 3639 1253 3710 (Schneidewin.
1282 3659 1309 3711 p.
1340 3640 1403 3712 127)
1432 3644 1493 3696 mel

284 3712 422 3784 lampius,
455 3714 620 3777 Meiuelrius,
650 3712 798 3783 Hsuptius.
826 3744 858 3754 -
911 3715 1025 3769 ἔννατον
1041 3717 1127 3784 μέρος
1144 3712 1190 3779 τῆς
1213 3710 1429 3785 oipsspoolor'ep
1453 3715 1493 3767 el-

285 3787 378 3857 tumes]
399 3782 549 3853 uictimam
577 3786 658 3840 Hom.
678 3784 709 3837 ll.
730 3784 777 3849 IX,
797 3787 859 3839 654.
911 3784 994 3852 levit;
1021 3785 1118 3906 iisque
1141 3783 1220 3837 bssie
1238 3783 1346 3853 Lydiae
1363 3783 1429 3853 dep
1461 3802 1492 3838 m

285 3858 347 3912 646.
366 3888 399 3897 -
419 3857 507 3927 ieeur]
529 3873 565 3911 ex
583 3856 714 3927 opinione
732 3861 858 3910 veterum
911 3856 1002 3909 mellis
1033 3854 1210 3908 dueedinem
1238 3856 1381 3909 continere
1408 3855 1492 3911 vide·

285 3928 314 3981 in
333 3928 427 3983 iecore
446 3932 513 3982 sunt
530 3928 707 3996 cupiditates.
749 3924 785 3982 oi.
802 3928 858 3981 Set.
911 3928 1023 3981 buntur,
1041 3924 1362 3994 Schol.Pind.edPytlu
1375 3930 1407 3989 θ,
1420 3930 1491 3982 116ε

284 3996 350 4064 1,9,
369 4002 412 4054 66.
452 3999 541 4053 Germ.
567 3998 613 4064 lv,
640 4003 663 4059 1,
684 4000 725 4052 12.
753 4028 784 4041 -
811 4018 860 4053 uec
913 3996 959 4052 »rii
979 4000 1043 4069 μέλι
1063 3998 1110 4063 τῆς
1126 3992 1283 4057 ἀθανασίας
1297 3997 1414 4051 δέκατον
1432 4004 1490 4069 μέ-

283 4090 357 4125 mem
374 4090 423 4125 nec
440 4071 525 4141 color]
557 4087 635 4124 »cum
653 4070 774 4124 nesciam
792 4067 859 4138 quid
910 4088 958 4141 ρος
976 4064 1111 4139 ᾠήθησαν
1127 4068 1222 4123 sivetu«
1237 4072 1375 4137 -fels'crr
1396 4079 1441 4123 ter
1464 4084 1491 4125 et

305 4140 461 4195 otissimum
471 4140 580 4205 fecium,
598 4140 743 4196 fluctuatio
756 4140 858 4195 mentis
910 4140 1039 4212 amptius]
1053 4138 1098 4193 Sic
1107 4156 1208 4209 graece
1216 4132 1405 4213 τρισμάκαρες,
1417 4158 1491 4211 tpar-

319 4213 378 4267 lore
397 4212 482 4267 etism
499 4213 630 4283 proditur
647 4213 728 4267 oris«
750 4242 785 4252 -
802 4232 858 4266 ma·
909 4206 995 4281 όλριοι
1017 4215 1045 4265 et
1062 4211 1138 4279 upud
1161 4212 1231 4265 siios
1256 4214 1354 4280 peetus
1380 4210 1490 4266 latinos

282 4284 356 4353 ueni]
381 4284 500 4338 Plurslis
527 4300 661 4338 numerus
688 4284 859 4337 auctoritate
910 4296 1002 4353 terque
1022 4294 1168 4353 paterque
1183 4285 1286 4337 iratum
1307 4311 1338 4321 -
1360 4284 1490 4353 irrupto]

284 4354 411 4409 codicum
430 4356 582 4424 probatum
604 4353 743 4410 sioCieer.
763 4354 798 4408 de
810 4354 857 4408 lin.
909 4353 974 4409 vide
991 4352 1029 4409 ud
1041 4352 1132 4408 Germ.
1142 4352 1164 4416 1,
1172 4356 1198 4419 5,
1206 4356 1407 4435 Sempronio
1428 4356 1489 4424 die]

283 4423 332 4489 111,
350 4429 397 4481 21:
431 4444 498 4481 »neo
525 4426 633 4481 iustitis
656 4444 707 4480 nec
734 4425 859 4479 amicitis
907 4424 1011 4480 Rarior
1024 4426 1198 4480 constructio
1213 4441 1279 4493 pro:
1297 4423 1381 4477 eitius
1397 4440 1489 4492 quum

283 4512 343 4549 esse
370 4498 482 4552 omnino
507 4502 671 4568 potuerunt,
701 4496 754 4552 uisi
781 4497 858 4566 ipsse
908 4512 1038 4565 supreme
1051 4494 1105 4551 die.
1146 4528 1150 4535 ·
