3125 5225
460 376 463 383 Ι
510 231 815 351 'caussasse
901 374 903 379 Ι
1213 282 1276 349 ssa

94 472 293 573 praecipua
326 498 373 548 ex
408 498 455 549 eo
485 471 622 571 gloria,
659 470 764 571 quod
789 462 1004 570 praefectus
1025 469 1121 549 Urbi
1144 494 1277 547 recens

91 599 299 675 continuam
322 609 549 694 potestatem
575 608 613 673 et
637 595 844 673 insolentia
866 594 1028 695 parendi
1059 595 1277 695 graviorem

90 718 443 819 miretemperavit.“
469 720 638 797 Velleius
647 720 795 797 Patere.
803 717 856 815 H,
868 721 933 794 98:
955 716 1095 814 ,Atrox
1108 718 1148 793 in
1157 716 1277 794 Thra-

91 847 143 923 cia
166 846 309 924 bellum
339 858 465 921 ortum
486 844 531 921 L.
557 844 718 941 Pisonis,
753 869 868 944 quem
894 842 1089 942 hodieque
1114 842 1278 951 diligen·

92 974 272 1049 tissimum
296 985 412 1073 atque
437 972 601 1048 eundem
626 970 863 1046 lenissimum
883 968 1094 1045 securitatis
1108 968 1279 1044 urbanae

88 1098 273 1174 custodem
298 1096 493 1193 habemus,
512 1096 632 1173 virtus
654 1093 889 1195 compressit.
915 1095 973 1169 De
996 1120 1072 1193 quo
1099 1092 1182 1169 viro
1205 1092 1279 1168 hoc

88 1224 255 1301 omnibus
281 1223 523 1300 sentiendum
550 1248 594 1299 ac
618 1222 924 1320 praedicandum
953 1232 1019 1316 est,
1045 1244 1126 1295 esse
1151 1244 1277 1295 mores

88 1347 159 1422 eius
190 1350 326 1446 vigore
362 1374 408 1423 ao
432 1348 589 1425 lenitate
612 1347 951 1446 temperatissimos
986 1356 1023 1421 et
1046 1346 1111 1419 vix
1146 1370 1278 1443 quem-

88 1496 193 1570 quam
216 1473 380 1571 reperiri
403 1498 528 1572 posse,
560 1474 628 1573 qui
652 1484 719 1548 aut
742 1470 863 1547 otium
881 1470 1031 1549 valdius
1054 1469 1189 1569 diligat
1214 1482 1279 1545 aut

86 1594 226 1673 facilius
253 1596 417 1673 sufficiat
442 1598 598 1695 negotio
624 1608 662 1673 et
679 1598 803 1695 magis
825 1622 923 1697 quae
946 1594 1097 1694 agenda
1112 1606 1201 1669 sunt
1214 1620 1278 1669 cu-

85 1733 137 1794 ret
157 1721 240 1798 sine
265 1721 347 1797 ulla
372 1724 625 1799 ostentatione
650 1720 822 1823 agendi.“
853 1720 892 1797 Is
916 1720 1033 1819 igitur
1058 1731 1169 1795 natus
1196 1730 1277 1795 erat

86 1870 115 1919 a.
141 1850 223 1943 705,
253 1847 388 1923 consul
418 1873 452 1923 a.
479 1874 515 1923 u.
545 1852 635 1934 739;
677 1872 796 1947 quare
822 1846 855 1923 si
880 1845 1092 1922 vicenarius
1118 1868 1277 1919 uxorem

86 1970 192 2069 duxit,
208 1972 321 2047 annis
336 1976 531 2047 743—746
547 1972 669 2048 filium
680 1972 825 2049 habere
845 1970 970 2071 potuit
984 1972 1131 2045 17-20
1157 1993 1278 2045 annos

84 2108 217 2171 natum.
247 2096 347 2173 Nam
373 2095 448 2171 hoo
468 2095 565 2171 mihi
582 2120 737 2196 quoque
754 2107 899 2172 certum
916 2093 1081 2189 videtur,
1100 2093 1277 2171 emissam

85 2242 157 2295 esse
173 2219 279 2297 hanc
298 2219 499 2318 epistolam
514 2220 690 2296 extremis
710 2219 811 2294 vitae
827 2217 935 2293 annis
948 2216 1118 2315 Horatii,
1145 2242 1278 2317 quam·

85 2369 189 2443 quam
214 2347 261 2421 in
286 2345 358 2421 hac
380 2370 536 2445 quoque
560 2372 603 2421 re
620 2344 694 2420 viri
720 2344 823 2419 docti
846 2344 886 2418 in
905 2343 982 2419 alia
996 2343 1125 2419 omnia
1138 2342 1276 2419 disces-

84 2484 214 2579 serunt.
274 2470 351 2546 Alii
378 2470 478 2547 enim
504 2470 650 2548 Satirae
673 2470 705 2567 I,
732 2474 757 2543 4
783 2494 935 2544 versum
958 2473 1004 2544 63
1030 2471 1276 2569 arripuerunt

84 2608 117 2670 et
138 2608 361 2696 comparata
386 2621 474 2672 cum
499 2596 675 2673 extremis
699 2595 815 2695 primi
844 2595 936 2672 libri
968 2595 1180 2695 primisque
1218 2620 1276 2671 se-

86 2720 191 2796 cundi
211 2720 340 2798 satiris
367 2719 550 2822 epistolae
572 2734 709 2798 natura
734 2721 836 2796 hunc
860 2721 1002 2798 librum
1023 2721 1277 2820 compositum

85 2842 299 2922 iudicarunt
320 2844 477 2942 vigente
503 2827 620 2922 etiam
645 2845 799 2922 Horatii
824 2857 947 2922 aetate
968 2857 1006 2921 et
1030 2857 1119 2922 ante
1148 2846 1274 2942 perfe-

84 2980 175 3045 ctum
200 2971 369 3046 alterum
391 2971 594 3047 satirarum
621 2971 783 3068 librum3
822 2973 863 3046 in
898 2997 975 3072 qua
1008 2997 1051 3047 re
1085 2971 1172 3048 ideo
1199 2997 1280 3048 ma·

85 3115 248 3194 gnopere
276 3108 465 3189 errarunt,
496 3097 602 3196 quod
629 3097 919 3196 dispositionem
947 3097 1130 3196 epistolae
1156 3099 1279 3174 incer-

84 3227 152 3292 tam
176 3219 254 3320 sibi
278 3219 469 3296 finxerunt
496 3234 535 3297 et
559 3230 696 3320 vagam
709 3223 757 3311 ³¹).
823 3222 906 3300 Iam
929 3250 1020 3300 vero
1049 3223 1103 3300 ita
1126 3247 1280 3322 compa-

83 3354 156 3418 rata
178 3358 264 3420 tota
290 3357 359 3436 est,
385 3357 428 3451 ut
452 3359 712 3422 senescentem
737 3348 816 3423 iam
842 3348 1041 3424 videamus
1065 3343 1280 3448 poetam,'a
1353 3445 1377 3456 „.

84 3463 262 3545 faciendis
289 3470 520 3546 carminibus
545 3472 623 3548 iam
649 3472 913 3569 abstinentem,
930 3499 1086 3570 prorsus
1113 3471 1279 3550 eundem

84 3614 189 3688 quem
203 3596 306 3708 alter
319 3596 568 3698 epistolarum
580 3596 681 3674 liber
694 3597 743 3673 de
756 3597 872 3672 simili
886 3623 928 3674 re
939 3597 1142 3676 docentem
1153 3610 1278 3674 oten-

112 3847 138 3936 *p
163 3849 305 3906 Estneus
341 3869 508 3926 prosopogr.
535 3853 602 3908 Hor.
630 3870 658 3924 p.
708 3854 909 3923 stelod.1806)
940 3853 1047 3909 referre
1082 3871 1138 3910 nou
1172 3853 1281 3908 dubito.

83 3916 147 4000 9061
185 3921 291 4006 »Recte
317 3921 477 3979 Rsenenius
511 3924 582 3996 disp.
623 3925 658 3981 ds
706 3923 760 3979 Hic
780 3925 854 3980 enim
874 3925 987 3981 invictis
1016 3925 1187 3998 argumentis
1204 3923 1282 3979 Piso·

84 3997 161 4056 ‘put
181 3993 219 4048 ad
237 3993 295 4049 Prs.
313 3998 388 4064 pse
406 3995 538 4061 ostendit,
567 4000 658 4050 artem
707 4014 770 4051 uam
781 3996 924 4052 diversum
941 4015 998 4052 non
1017 4015 1077 4052 esse
1096 3996 1227 4068 probarit
1244 4012 1262 4049 a

83 4063 214 4125 poeticam
225 4064 314 4121 fuism
329 4067 464 4136 scriptam
480 4070 546 4121 ante
563 4071 656 4132 asso,
707 4067 765 4132 illo,
781 4083 865 4138 quem
886 4069 1026 4139 significat
1044 4068 1131 4124 Tacit.
1147 4069 1218 4122 Ann.
1231 4063 1281 4131 111,

83 4140 276 4198 quomortuus
291 4140 336 4193 est
346 4136 498 4208 Virgilium
517 4138 563 4194 bic
583 4139 658 4194 enim
708 4142 750 4203 16,
777 4141 826 4209 qui
857 4141 932 4196 bello
957 4139 1032 4195 civili
1054 4142 1234 4210 resurgentes
1251 4139 1281 4191 iu

86 4215 142 4258 tum
168 4206 257 4262 Vario
286 4227 313 4263 v.
331 4211 367 4264 53
386 4227 428 4279 sq.
467 4209 542 4265 inter
562 4211 655 4269 ¹risos
705 4210 803 4266 Africa
821 4211 946 4282 Pompeii
964 4215 1060 4282 partes
1079 4211 1216 4266 acerrimo
1229 4209 1280 4263 mi-

83 4284 395 4348 memoraturum
412 4297 523 4350 quoque
537 4285 657 4352 propter
705 4283 825 4338 nisterio
844 4283 978 4338 adversus
997 4283 1145 4338 Caesarem
1162 4280 1280 4348 adiuvit,

83 4359 117 4399 ts.
133 4351 185 4403 438
206 4367 258 4420 sq,
282 4355 349 4421 post
375 4352 483 4407 obitum
511 4352 655 4420 Quinctilii
704 4370 771 4408 mox
799 4354 918 4408 Brutum
947 4353 1126 4423 Cassiumque
1157 4357 1278 4418 secutus,

84 4430 104 4467 ⁸·
120 4420 201 4503 ⁷³⁰?
239 4420 280 4477 Id.
299 4439 328 4493 p.
346 4425 414 4478 289:
436 4421 592 4486 »Pisonem
609 4425 655 4479 cui
704 4441 839 4480 concesso
861 4425 963 4490 reditu,
983 4424 1123 4495 petitione
1140 4423 1278 4479 honorum

83 4483 213 4567 donnus
241 4491 363 4564 filiisque
392 4499 483 4549 artem
512 4496 654 4566 poeticam
704 4497 849 4564 abstinuit,
876 4497 964 4552 donec
988 4496 1063 4550 ultro
1082 4495 1207 4551 delatum
1225 4497 1279 4551 sibi

84 4562 387 4632 accepissemus
406 4567 654 4622 socioscumltes·
703 4568 739 4622 ab
766 4569 896 4639 Augusto
920 4567 1097 4622 consulatum
1127 4567 1275 4638 acceperit,

84 4637 156 4686 mnis
182 4633 269 4706 (disp.
293 4635 329 4692 de
356 4637 438 4708 epist.
460 4636 653 4695 161611116-
702 4655 785 4709 quem
801 4639 889 4710 gessit
907 4655 931 4693 a.
941 4642 1022 4694 231³
