3125 5225
265 260 313 317 ss
730 216 1007 349 Pusssnrro

1526 365 1527 410 i

269 434 384 533 gebit,
418 432 599 531 quoniam
625 428 767 527 omnia,
805 430 919 507 etiam
952 456 1051 531 quae
1076 458 1171 509 sano
1207 452 1331 514 seusu
1350 434 1468 533 plane
1526 417 1527 466 f

128 562 131 569 '
269 568 409 651 curent,
435 555 579 632 cantari
603 556 789 655 possunt?
834 553 912 631 Sed
940 554 1151 635 admodum
1175 558 1274 635 mira
1297 584 1344 637 ea
1368 574 1468 635 esset

268 682 447 775 cantatio,
478 682 512 755 si
538 705 670 757 severo
698 679 781 779 quis
806 678 913 757 vultu
941 679 1179 765 istiusmodi
1205 684 1375 761 earmina
1399 685 1467 761 de·
1527 761 1528 764 ,

268 818 421 883 conare
443 804 505 881 vel
531 804 583 881 ita
607 806 768 881 recitare
794 817 1007 898 conaretur,
1042 818 1084 881 ut
1116 805 1201 905 lyra
1232 808 1280 885 iis
1313 808 1468 907 praelu-

269 932 377 1007 deret
400 941 437 1004 et
462 930 561 1003 inter
586 925 755 1025 singrdas
781 924 957 1023 strophas
985 927 1120 1004 fidium
1140 942 1271 1011 emtus
1296 932 1468 1031 intorpu-

268 1068 386 1133 neret.
427 1052 620 1151 Agedum,
646 1051 862 1149 perieulum
887 1052 948 1127 iac
973 1067 1012 1132 et
1035 1077 1144 1139 sume
1170 1080 1324 1137 cumen
1349 1057 1469 1156 trige-

268 1182 404 1257 simum
433 1177 534 1257 tertii
559 1176 660 1272 libri,
697 1175 805 1291 qnod
828 1176 1012 1255 intectum
1035 1178 1273 1277 reliquerunt
1305 1193 1343 1261 et
1367 1180 1468 1263 Her-

268 1332 430 1385 mannus
457 1287 493 1379 ot
509 1300 767 1385 Kirshnerusr
795 1302 852 1377 ibi
877 1315 919 1379 tu
944 1303 1147 1398 interpone
1172 1305 1271 1385 inter
1293 1305 1468 1405 singulas

139 1424 148 1453 ⁸
269 1432 444 1530 strophas
472 1455 565 1529 ques
592 1430 736 1527 volunt,
765 1432 789 1504 i.
809 1456 841 1506 e.
868 1442 955 1537 nost
975 1458 1017 1504 -ν,
1030 1435 1068 1506 4.
1083 1434 1118 1507 8.
1136 1434 1194 1527 12,
1219 1430 1353 1510 fidium
1376 1457 1470 1511 can·

267 1572 328 1633 tus
367 1568 404 1631 et
442 1552 603 1643 videbis,
645 1578 760 1652 quam
801 1553 989 1634 violenter
1025 1555 1233 1637 renuntias
1273 1554 1470 1635 disieceris

269 1694 529 1782 quantamque
555 1680 824 1777 provocaveris
847 1679 1153 1777 &sumendam
1180 1680 1238 1759 De
1260 1706 1469 1781 argumen-

267 1808 315 1883 tis
341 1818 379 1885 ot
403 1804 530 1895 rebus,
556 1828 657 1903 quas
682 1805 852 1880 musicae
876 1804 950 1885 arti
974 1828 1093 1903 quam
1118 1805 1284 1887 maxime
1307 1819 1470 1904 possunt

191 1942 195 1951 '
230 2021 242 2032 .
269 1932 528 2025 adversantur,
552 1928 647 2009 nihil
673 1929 839 2029 amplius
865 1929 1003 2011 dicem.
1064 1928 1212 2013 Deinde
1239 1929 1346 2029 quod
1371 1930 1468 2007 olte-

269 2084 354 2133 rum
380 2082 403 2133 s
427 2054 643 2133 Kinchnero
666 2054 821 2132 additur
848 2066 1130 2151 argumentum,
1171 2054 1220 2135 de
1253 2054 1468 2135 innumeris

268 2179 374 2274 locis,
389 2178 429 2255 iu
457 2178 596 2277 quibus
621 2176 805 2255 Horatius
831 2179 958 2257 verbis
984 2178 1103 2257 utitur
1128 2179 1178 2260 de
1196 2179 1280 2278 lyra
1296 2191 1335 2259 st
1353 2192 1468 2261 cantu

218 2301 220 2310 '
269 2302 439 2401 sumptis,
480 2314 521 2377 ut
549 2302 674 2380 Carm.
690 2301 754 2396 IV,
772 2304 805 2397 9,
821 2308 856 2376 4.
895 2300 1090 2398 IV,15,2.
1128 2302 1282 2399 Ι,6,19.
1320 2304 1464 2401 I,32,1

268 2456 325 2529 sq.
353 2440 435 2525 oet,
462 2452 511 2505 ne
536 2427 610 2503 hoc
637 2426 793 2527 qudem
822 2428 1036 2528 quidqtum
1058 2427 1171 2509 volet.
1199 2429 1344 2507 Partim
1361 2430 1467 2505 enim

268 2554 392 2654 posita
418 2562 505 2632 sunt
528 2575 575 2630 ea
599 2548 789 2628 voeabula
813 2550 853 2630 in
881 2551 1125 2648 carminibus,
1159 2576 1332 2652 quorum.
1351 2579 1467 2654 ergn-

269 2690 396 2756 menta
419 2677 474 2756 ita
495 2687 585 2750 sunt
612 2687 842 2772 comparate,
857 2689 902 2754 ut
926 2689 964 2752 et
985 2678 1134 2774 possint
1155 2679 1304 2769 cantari
1323 2691 1365 2760 et
1387 2679 1467 2762 tor·

267 2816 366 2880 tasse
391 2799 505 2878 etium
532 2811 786 2893 mutarentur,
813 2797 955 2897 partim
979 2811 1105 2881 autem
1130 2800 1226 2880 nihil
1249 2802 1468 2899 significant

268 2926 373 3004 aliud
399 2925 473 3004 nisi
503 2923 671 3001 carmina
697 2923 837 3018 iacere,
879 2923 1048 3003 carmina
1072 2949 1317 3024 componere.
1382 2929 1470 3008 Hae

271 3053 372 3130 euim
399 3049 588 3128 dictiones
614 3059 768 3126 exortae
791 3061 880 3126 sunt
905 3032 950 3126 ss
978 3048 1136 3149 antiquo
1168 3053 1342 3151 poeticae
1377 3054 1470 3128 artis

269 3175 428 3275 origine,
452 3197 523 3253 nec
546 3185 673 3251 tomen
696 3172 769 3270 .qui
794 3187 932 3270 poetae
958 3174 1007 3250 iis
1033 3176 1250 3272 utebantur,
1276 3177 1392 3256 simul
1407 3178 1471 3254 in·

269 3301 400 3378 dicare
426 3297 637 3393 voluerunt,
676 3323 721 3374 ea
757 3297 841 3395 ipsa
877 3299 1049 3378 cumina
1084 3300 1133 3380 ad
1165 3301 1302 3378 fidium
1333 3315 1470 3381 cantu

270 3451 352 3501 esse
376 3420 714 3500 accommodanda.
742 3422 851 3514 Quae
874 3448 962 3500 cum
988 3424 1042 3500 ita
1063 3425 1149 3520 sint,
1177 3451 1226 3502 ne
1244 3451 1290 3501 ea
1308 3425 1468 3526 quidem

268 3549 395 3649 placet
420 3547 528 3644 ratio,
558 3571 635 3645 qua
659 3546 899 3630 Kirohnerus
924 3573 1081 3632 cumen
1106 3547 1246 3645 111,12
1272 3561 1470 3628 tetrastro-

269 3674 374 3773 phon
400 3671 502 3768 fecit,

469 3798 695 3874 Miserarum
719 3811 776 3874 est
800 3822 927 3897 neque
948 3799 1072 3875 amori

468 3923 569 3998 Dare
595 3920 732 3997 ludum
757 3948 884 4023 neque
911 3923 1017 3999 dulci

366 4049 470 4128 Mala
496 4049 585 4124 vino
608 4047 738 4126 lovere
768 4061 835 4124 ant
860 4049 1068 4127 exanimari
1094 4064 1306 4130 metuentes

465 4177 629 4252 Patruus
654 4173 817 4249 verbera
841 4173 1008 4272 linguae.

268 4299 348 4379 Nee
385 4325 446 4377 me
482 4299 653 4399 poenitet
683 4297 835 4372 solitam
868 4297 980 4372 huius
1016 4299 1194 4374 carminis
1225 4300 1267 4374 in
1292 4301 1468 4398 strophas

270 4441 467 4503 ternorum
494 4450 672 4500 versuum
699 4421 899 4498 dividendi
927 4423 1123 4517 rationem,
1160 4423 1281 4502 multo
1316 4411 1468 4501 suavio-

224 4559 227 4564 '
271 4577 349 4626 rem
371 4565 409 4626 et
431 4551 552 4646 magis
578 4549 816 4639 concinnam,
844 4573 1025 4623 servasse.
1068 4554 1248 4624 (laterum
1275 4575 1353 4625 non
1377 4576 1466 4649 pos·
