3125 5225
466 608 509 713 o.
540 564 763 695 nonnul
791 604 982 693 rniooi

371 752 1087 909 snrrnennu

517 1010 654 1081 LIBER
672 1008 931 1081 SECUNDUS.

603 1348 767 1436 Sirini
804 1348 837 1433 Ι.

177 1486 274 1563 Sunt
300 1487 440 1587 quibus
466 1490 507 1563 in
531 1488 648 1565 satira
673 1488 809 1565 videor
835 1488 947 1563 nimie
973 1513 1062 1563 eoer
1086 1498 1123 1561 et
1147 1479 1249 1557 ultra

173 1612 320 1711 Legem
345 1610 505 1689 tendere
530 1638 646 1711 opue3
673 1613 757 1689 eine
781 1612 908 1689 nervis
934 1610 1055 1687 altere
1081 1601 1275 1708 quidquid

332 1773 455 1829 Setino
471 1774 493 1829 1.
750 1757 844 1828 Scipio
874 1756 1046 1839 (v.ddeqq.).
1091 1752 1168 1835 Quae
1195 1766 1259 1805 oum
1285 1766 1327 1803 re·

750 1828 848 1884 fellere
866 1845 924 1883 non
939 1830 1030 1897 possit
1047 1824 1206 1887 Trebatiun,
1230 1822 1329 1905 mouet

158 1894 267 1951 mnne
293 1895 362 1951 isses
396 1894 521 1951 omnisrm
551 1894 702 1951 retirerum
749 1904 846 1955 tnmeu
875 1914 912 1955 ne
940 1902 1058 1971 propter
1094 1896 1167 1951 mele
1204 1908 1329 1949 oermrne

124 1965 210 2021 nitu-i
236 1967 311 2022 libro
337 1968 416 2037 quasi
442 1967 579 2041 prologus
604 1966 702 2021 edditn
749 1972 825 2027 notio
845 1970 1010 2027 iniuriarum
1034 1967 1089 2038 ipsi
1112 1964 1263 2035 aliquando
1286 1963 1328 2017 in·

123 2037 298 2094 liberrimum
320 2038 406 2095 hebet
429 2044 460 2095 et
481 2038 635 2111 puteorum
656 2042 700 2093 to·
750 2046 887 2107 tentetur,
907 2058 982 2097 oum
1009 2039 1129 2095 iorteese
1153 2034 1222 2105 qnid
1249 2034 1327 2105 leges

122 2109 182 2164 tius
199 2110 313 2179 generis
331 2110 529 2176 defensionem.
546 2110 619 2165 Nem
635 2126 701 2165 eum
751 2115 787 2171 de
804 2114 839 2169 iis
858 2111 1092 2184 praescripserint
1109 2108 1223 2165 neroint
1268 2106 1327 2161 lem

124 2181 203 2236 inter
220 2196 270 2237 eoo
285 2182 335 2251 qui
352 2182 437 2237 editis
455 2182 551 2237 sstiris
568 2180 660 2237 leesor
672 2198 703 2236 se
751 2202 789 2241 ne
806 2188 883 2255 leges
900 2184 1012 2255 quidem
1027 2182 1166 2237 timendus
1190 2177 1244 2233 sibi
1268 2194 1328 2235 esse

124 2252 267 2309 sentirent
285 2253 464 2309 hauddubie
479 2253 564 2307 multi
586 2270 622 2308 eo
643 2253 703 2309 irae
751 2258 903 2327 aitpoeta,
931 2255 1063 2326 quonism
1085 2269 1156 2323 queo
1181 2249 1242 2319 ipse
1261 2250 1327 2305 Gne·

126 2322 378 2394 Wdffliur,
395 2330 430 2379 1¹2
445 2324 601 2395 mliffssum
620 2340 703 2394 quum
752 2346 800 2385 sor
822 2327 990 2383 Ooterieuue
1015 2322 1179 2396 probaverit
1206 2322 1329 2377 earmina

123 2398 261 2465 ponent
429 2395 595 2451 iniurisrum
619 2412 704 2465 porse
752 2418 788 2455 en
805 2416 863 2455 non
878 2398 953 2455 mele
969 2396 1020 2453 sed
1039 2398 1113 2452 bone
1131 2394 1263 2465 oporteat
1279 2392 1326 2447 hn-

123 2466 297 2523 soeuserinr
316 2466 705 2535 itrsrentnr,Horetiueuuno
752 2472 881 2527 beentur.
916 2468 1115 2525 consentiente
1132 2464 1244 2521 demum
1264 2464 1330 2519 Tre

124 2537 242 2593 simulet
269 2555 300 2593 se
330 2538 359 2593 0.
388 2539 551 2595 hebetium
582 2537 705 2603 Testem,
753 2542 833 2599 butio
851 2540 1027 2612 eplendidnm
1047 2539 1125 2609 queei
1149 2537 1185 2593 de
1207 2534 1328 2591 inimiois

123 2608 196 2664 iuris
218 2609 420 2680 peritissimum
442 2611 478 2666 de
495 2628 531 2666 ee
547 2626 580 2666 ro
603 2627 704 2667 ooueu·
751 2613 900 2672 vintoniam
919 2617 1079 2682 reporteeee
1097 2611 1210 2666 ridetur
1229 2612 1329 2678 poete3

124 2682 199 2750 iere3
227 2681 277 2750 qui
300 2682 367 2738 olim
392 2683 535 2738 cioeronis
557 2683 662 2738 nmious
678 2699 702 2738 n
752 2684 820 2756 quid
837 2686 911 2740 enim
926 2684 1041 2749 rentius,
1065 2681 1134 2752 quid
1149 2679 1328 2736 innocentius

123 2771 152 2807 u.
170 2769 197 2807 o.
215 2755 268 2808 tot
295 2754 426 2809 tribunus
453 2753 554 2823 piebis,
584 2754 608 2807 si
635 2760 703 2810 tune
752 2774 814 2813 erse
831 2760 928 2827 potest
945 2771 1030 2825 quem
1045 2753 1123 2822 illud,
1153 2752 1229 2822 quod
1247 2749 1329 2806 Oete-

123 2823 212 2881 etinm
235 2823 318 2892 rixit,
336 2824 534 2897 semgennrius
554 2825 614 2881 fere
638 2825 701 2880 fuit
751 2829 858 2893 vienne,
884 2827 1097 2898 potentissimae
1126 2825 1201 2879 inter
1231 2838 1327 2877 omnes

123 2895 208 2952 Hono
223 2894 313 2966 igitur
329 2897 398 2966 quid
414 2897 445 2952 in
466 2899 548 2951 tnntn
573 2896 702 2952 invem·
750 2905 782 2955 et
799 2899 1012 2954 iustissimus-
1023 2913 1106 2967 quem
1123 2894 1235 2950 leudem
1252 2911 1279 2948 r.
1293 2895 1326 2948 16

122 2968 232 3022 riorum
258 2967 450 3038 mulorumque
481 2968 624 3023 hominnm
657 2968 701 3023 ire
751 2970 904 3028 Oouvimo
931 2986 989 3024 nou
1011 2967 1171 3034 inconsulto
1189 2966 1326 3022 tributum

122 3037 284 3096 feriendum
314 3039 369 3095 eibi
399 3040 574 3110 praescribet
607 3045 700 3110 roget,
750 3042 829 3098 rides
849 3073 880 3083 -
902 3045 931 3096 et
950 3040 1097 3096 Trebatius
1122 3038 1218 3108 legum
1244 3036 1325 3092 iuris·

122 3109 278 3166 ostendens
299 3109 385 3165 simul
407 3127 497 3180 neque
521 3108 630 3166 melitin
650 3117 701 3166 eut
750 3131 804 3184 qne
829 3113 1014 3184 peritissimus
1030 3111 1093 3182 peri
1120 3109 1326 3180 epprobntione

123 3181 231 3236 invidio
254 3179 372 3236 duotum
392 3183 430 3238 ed
450 3181 550 3238 setirss
577 3183 700 3238 seribeu·
749 3185 953 3242 leudnrernnt'i
972 3213 1003 3224 -
1026 3183 1103 3238 Heeo
1120 3181 1208 3252 igitur
1227 3179 1327 3234 ultime
1418 3175 1426 3194 '

122 3253 175 3308 dns
194 3269 227 3308 se
243 3254 405 3322 per-ueniere
423 3270 513 3324 neque
535 3255 610 3324 ipees
634 3255 700 3310 seti-
749 3261 851 3328 poetse
869 3255 995 3312 defensio
1014 3256 1103 3310 estet
1123 3251 1266 3320 ebsolutn3
1293 3250 1329 3305 de

122 3341 171 3380 rur
189 3324 231 3378 ite
247 3328 508 3395 eeseoomperetee.
523 3326 700 3380 utiuuooen·
750 3345 814 3398 que,
842 3344 877 3382 ne
902 3327 1005 3382 mirum
1031 3325 1129 3380 eredes
1154 3323 1249 3378 eetirie
1275 3321 1330 3378 ire·
1355 3343 1358 3352 ·

122 3400 167 3452 ten
183 3394 373 3462 odedi-entur,
391 3397 478 3451 immo
486 3413 555 3452 vero
567 3399 597 3451 et
608 3396 700 3466 ipsum
750 3403 884 3469 quentem
925 3398 1076 3454 retirerum
1117 3395 1327 3450 exeusationem

123 3466 202 3538 proin
218 3483 280 3548 esse
302 3468 523 3522 amentissimum
552 3467 700 3538 (uideo.)
750 3469 826 3536 eddi,
850 3465 1086 3526 oonsideraudum
1106 3470 1150 3523 est
1167 3468 1258 3538 ipsum
1275 3465 1329 3521 hoo

122 3542 154 3594 et
171 3541 273 3594 setrrns
290 3543 393 3594 unture
409 3538 534 3608 pleoidee
551 3539 644 3594 ilietne
656 3557 700 3595 eo·
750 3559 840 3614 genus
858 3539 1027 3596 defendendi
1045 3539 1188 3594 entirioum
1216 3536 1329 3594 inieotir

123 3611 184 3664 lum
202 3609 320 3664 iniurius
337 3609 489 3666 defendere
514 3611 552 3672 (v.
565 3613 626 3680 ³9);
652 3628 700 3666 ne·
750 3613 878 3685 plurimis
909 3613 1048 3666 melorum
1074 3611 1218 3666 hominum
1246 3608 1330 3665 oesti-

123 3697 179 3752 qne
195 3681 231 3736 sb
256 3680 351 3738 nuimo
373 3699 405 3737 se
428 3698 512 3752 posse
539 3682 700 3752 impetrare,
750 3684 912 3756 petionibus
930 3683 1087 3752 eximieque
1106 3679 1268 3738 ur'benitete
1288 3681 1327 3735 le·

123 3752 192 3823 quin
212 3767 284 3822 quoe
300 3752 404 3816 viderit
420 3753 517 3823 inique
540 3756 570 3808 et
594 3753 701 3810 iniuste
751 3755 818 3827 pide
831 3772 893 3810 esse
903 3759 1047 3824 ornetum3
1065 3752 1166 3809 deinde
1177 3752 1326 3808 Horatium

122 3828 153 3878 et
176 3823 306 3894 improbo
331 3841 365 3880 en
390 3824 537 3880 summieee
559 3823 633 3880 ieret
650 3829 701 3880 ent
749 3828 890 3883 imitatum
904 3843 965 3882 eese
977 3825 1079 3881 Lunilii
1094 3825 1260 3895 exemplum,
1280 3841 1329 3878 ou·

122 3894 264 3950 eminendi
294 3895 420 3952 studium
445 3913 502 3966 quo
533 3900 634 3968 egetur
662 3896 701 3952 ed
750 3901 794 3955 ius
813 3901 875 3954 tote
892 3898 951 3953 rite
971 3898 1000 3952 iu
1026 3897 1121 3952 sotirie
1147 3901 1244 3967 eperte
1273 3894 1329 3948 fuit

121 3966 208 4022 elisur
224 3983 287 4022 rem
305 3965 700 4023 suieireultntibuenltiorem
750 3971 898 4043 proponite
920 3970 955 4038 (v.
974 3967 1028 4039 83).
1073 3968 1140 4025 Veri
1168 3968 1258 4022 simile
1283 3969 1328 4021 est

121 4043 271 4095 eonvertst
297 4039 455 4109 (nd-17),
486 4040 617 4108 quonium
645 4039 699 4096 hoo
751 4041 885 4112 seriptem
903 4056 964 4096 eree
980 4039 1053 4096 hene
1071 4039 1187 4094 eetirm
1212 4055 1236 4092 e.
1257 4055 1285 4092 u.
1304 4053 1328 4092 o.

121 4125 211 4180 genus
229 4127 247 4164 s
265 4112 370 4166 netur·
386 4110 442 4166 sibi
458 4110 538 4181 qussi
556 4127 636 4166 nrmn
651 4110 700 4166 ds·
752 4116 815 4175 724.
833 4112 883 4183 qui
920 4111 1014 4168 uidem
1032 4127 1121 4166 eunus
1139 4109 1244 4180 optime
1263 4126 1328 4164 oon·

122 4187 185 4236 turn
200 4181 249 4246 sit,
273 4181 378 4250 quibus
394 4181 436 4237 itu
452 4185 550 4238 utetur
566 4185 600 4238 ut
616 4182 700 4252 lupus
750 4184 847 4241 venire
872 4129 985 4240 ridetur
1008 4199 1072 4238 oum
1096 4181 1194 4252 penne
1219 4183 1327 4250 tempo-

122 4251 209 4308 dente
227 4257 260 4308 et
283 4268 373 4308 eor-nu
395 4256 493 4316 tsurns
519 4256 555 4324 (r.
568 4256 604 4309 4⁷
619 4257 699 4324 eqo).
749 4274 813 4312 rum
833 4272 903 4326 quoe
922 4254 969 4310 hio
991 4253 1082 4310 latent
1106 4253 1217 4308 indioiie
1242 4253 1278 4320 (v.
1295 4255 1327 4306 11

121 4323 220 4395 Neque
236 4323 279 4380 nit
294 4341 327 4379 se
350 4323 451 4381 timere
475 4341 511 4380 ue
533 4325 629 4396 magni
650 4325 700 4382 ho·
751 4331 782 4384 et
799 4329 929 4394 13-15);
948 4329 982 4382 ut
998 4329 1077 4382 totus
1095 4323 1170 4379 liber
1186 4323 1263 4378 intre
1280 4339 1327 4378 en·

121 4396 214 4452 mines
237 4399 267 4452 et
289 4395 321 4450 iu
342 4395 459 4451 oiritnte
480 4399 612 4466 potentes
635 4396 700 4454 ideo
750 4417 802 4455 noe
826 4401 969 4455 719-724
1007 4394 1152 4452 oonieotur
1187 4394 1325 4450 ridentur.

120 4467 176 4524 sibi
194 4467 289 4538 msgie
311 4471 494 4524 suooensesnt
537 4485 602 4524 uem
618 4468 700 4525 Luoi·
751 4471 924 4540 Quemquem
941 4486 999 4525 non
1017 4465 1167 4524 defuerunt
1192 4466 1241 4536 qui
1254 4483 1327 4536 spn-

119 4539 159 4596 iio
180 4537 261 4596 idem
282 4537 354 4596 olim
375 4538 492 4596 inoienti
570 4539 626 4598 lius
650 4545 701 4598 sut
749 4541 822 4600 tium
838 4539 952 4612 aliquod
971 4539 1082 4612 lougius
1101 4538 1176 4596 iuter
1203 4537 1325 4609 primum
