3125 5225
570 904 573 911 ·
614 830 674 975 q.
704 871 926 958 nonum
955 871 1145 958 sulcos
1188 875 1193 882 ·

468 1067 857 1171 CARM

922 1069 1308 1172 INUM

700 1279 840 1346 LIBER
862 1277 1069 1346 TERTIUS.

844 1471 942 1479 *-

757 1622 946 1708 Osanna
984 1624 1013 1706 Ι.

483 1779 561 1855 Odi
587 1778 792 1876 profanum
819 1779 956 1876 vulgus
983 1791 1019 1852 et
1043 1803 1172 1874 aroeo;

476 1903 617 1979 Favete
641 1903 800 2002 linguis3
828 1903 997 1978 carmina
1022 1929 1099 1978 nou
1126 1903 1231 2000 prius

477 2117 625 2173 Carmen
642 2117 664 2173 1.

317 2237 411 2292 Prima
427 2237 545 2307 stropha
562 2237 643 2291 huius
661 2237 793 2292 carminis
815 2255 857 2292 se·

282 2309 353 2363 riam
369 2310 506 2378 quandam
521 2326 571 2363 sex
588 2308 740 2363 carminum
758 2309 857 2378 aperit,

283 2381 384 2448 quibus
399 2386 483 2450 poeta
498 2380 565 2449 quid
585 2381 620 2434 de
638 2381 673 2434 iis
682 2381 775 2447 rebus,
788 2397 858 2449 quaa

282 2467 349 2505 suae
360 2453 460 2505 aetatis
472 2452 580 2505 civibus
596 2451 712 2516 divitiis,
730 2451 857 2518 mollitie,

283 2521 401 2588 luxuria,
424 2523 564 2577 bellorum
581 2522 704 2576 civilium
723 2523 858 2593 deprava·

283 2593 360 2648 tione
387 2595 528 2663 corruptis
558 2594 678 2649 maxime
707 2593 858 2649 videantur

282 2666 447 2731 conducere,
478 2665 589 2728 sentiat,
617 2666 729 2721 sublimi
747 2667 856 2721 ratione

282 2737 429 2807 praecipit.
472 2736 579 2803 Quibus
603 2738 685 2792 rebus
704 2754 768 2791 cum
787 2736 857 2791 nihil

282 2807 373 2876 possit
390 2824 451 2861 esse
476 2810 598 2877 gravius,
625 2808 802 2863 sacerdotem
828 2824 857 2863 se

284 2894 346 2932 esse
364 2878 433 2934 dicit
444 2877 597 2945 Musarum,
617 2880 664 2948 qui
682 2896 762 2934 saara
775 2896 857 2949 prae·

282 2952 366 3017 capta
400 2953 483 3004 canat
517 2950 688 3020 remotisque
728 2951 857 3006 omuibus

283 3019 408 3099 profanis
435 3021 553 3089 vilisque
579 3021 681 3076 mentis
696 3021 857 3077 hominibus

283 3108 394 3146 sacrum
404 3093 457 3147 sibi
466 3094 581 3162 colligat
590 3098 766 3160 conventum,
774 3110 857 3161 quem

283 3165 389 3232 apertis
407 3164 522 3218 auribus
542 3169 572 3218 et
589 3165 689 3218 animis
706 3165 794 3219 bonas
808 3163 858 3218 do-

283 3235 388 3288 ctrinas
409 3238 587 3304 accepturum
607 3238 710 3304 speret.
736 3236 856 3291 Consen-

283 3323 345 3358 sum
363 3311 458 3361 autam
475 3310 504 3359 et
529 3306 697 3360 audientiam
719 3307 793 3376 apud
815 3306 857 3360 iu·

282 3382 427 3432 ventutesu
457 3377 608 3447 praecipue
643 3378 769 3432 inuenire
803 3377 857 3431 sibi

283 3446 409 3515 ridetur3
444 3447 575 3501 iuventus
602 3449 675 3502 enim
706 3453 735 3503 et
760 3452 858 3518 potest

283 3519 388 3588 corrigi
406 3522 436 3571 et
453 3519 547 3583 debet,
571 3520 708 3588 siquidem
726 3524 857 3574 extenta

282 3606 392 3643 morum
402 3591 564 3660 corruptela
572 3591 749 3659 omniumque
759 3606 855 3644 rerum

285 3659 486 3729 depravatione
496 3662 571 3715 salus
585 3666 680 3730 potest
690 3662 857 3731 exspectari.

282 3730 377 3785 Prima
394 3732 443 3785 illa
462 3731 579 3801 stropha
593 3733 630 3785 ob
641 3734 782 3787 insolitam
794 3735 857 3787 sub·

282 3803 430 3858 limitatam
457 3819 641 3873 magnamque
676 3820 759 3873 quam
784 3804 858 3858 exci-

281 3878 325 3928 tat
335 3874 370 3928 de
381 3874 512 3928 canendis
523 3874 692 3929 carminibus
711 3892 789 3944 spem
802 3892 857 3929 non

281 3949 378 4015 potest
403 3962 465 4000 esse
489 3946 570 3999 unius
599 3946 739 4010 carminis,
767 3962 857 4015 nequa

282 4034 368 4071 unum
395 4034 425 4071 se
451 4016 581 4071 daturum
605 4018 747 4087 promittit
772 4020 857 4088 poeta

281 4104 403 4154 mucan,
420 4088 470 4143 sed
480 4088 563 4157 plura
573 4096 696 4143 carmina
709 4104 766 4142 non
778 4089 857 4159 prius

282 4158 386 4213 audita.
405 4159 578 4214 Scholiastae
592 4176 642 4214 sex
657 4160 782 4214 carmina
798 4164 857 4213 tam

283 4236 362 4285 arcte
372 4232 445 4286 inter
453 4246 484 4285 se
493 4232 708 4295 coniunxerunt,
725 4235 758 4285 ut
774 4248 856 4285 unam

282 4302 356 4356 oden
375 4319 435 4357 essa
453 4306 598 4372 putarent3
628 4320 692 4356 narn
714 4306 804 4357 Acron
821 4302 858 4357 ad

282 4373 372 4428 Carnu.
384 4376 416 4427 4:
447 4373 620 4443 »Propterea
639 4373 712 4427 dixit
730 4376 856 4428 descende

174 4464 177 4469 ·
281 4444 856 4515 ccelc,tanquamiamvelitlllusamtrans·

281 4513 358 4569 irae
382 4515 474 4571 serbis
499 4516 612 4570 Iunonis
636 4516 677 4586 (in
693 4516 778 4570 tertio
796 4533 857 4571 aar·

282 4583 367 4653 ruine)
390 4603 460 4655 quae
487 4605 547 4643 sam
564 4587 642 4642 velut
660 4588 689 4641 in
707 4587 792 4643 coelis
809 4587 857 4643 lsa-

908 2099 1003 2155 buisse
1030 2099 1218 2155 ostenderat«
1247 2101 1277 2154 st
1304 2103 1489 2172 Psrptyrs‘an:

911 2173 1054 2225 »descende
1063 2175 1137 2225 coela
1147 2169 1258 2238 adillud
1266 2171 1397 2240 pertinet,
1409 2171 1490 2240 quod

908 2241 978 2296 velit
996 2240 1051 2296 iam
1070 2241 1191 2296 transire
1210 2257 1227 2295 a
1247 2241 1362 2296 Iunonis
1383 2258 1490 2297 serma-

909 2314 1000 2377 nibus,
1026 2329 1094 2381 quos
1113 2313 1142 2366 in
1166 2313 1244 2367 coelo
1268 2309 1400 2368 babuisse
1426 2331 1491 2368 eam
1553 2379 1554 2386 ἵ

910 2383 1099 2439 ostenderat«
1117 2383 1179 2438 Hoc
1196 2384 1287 2453 primo
1304 2384 1431 2439 carmine
1447 2403 1491 2440 se·

908 2456 978 2509 riam
997 2455 1072 2509 illam
1091 2454 1282 2509 doctrinarum
1297 2455 1412 2509 inchoat
1423 2473 1492 2526 pro·

908 2527 1002 2596 posita
1019 2525 1055 2581 de
1073 2527 1293 2580 restituendam
1311 2527 1412 2581 animis
1439 2527 1491 2581 bo·

908 2598 1013 2653 minum
1022 2596 1197 2653 continentis
1206 2598 1366 2653 necessitas.
1387 2597 1423 2653 ln
1436 2597 1492 2654 bac

907 2674 991 2736 terra,
1016 2670 1108 2738 iuquit
1125 2668 1267 2737 Horatius,
1289 2670 1382 2724 omnia
1396 2671 1493 2726 certis

907 2739 1010 2795 finibus
1022 2740 1215 2809 continentur;
1234 2741 1360 2795 homines
1370 2742 1493 2809 quidam
1505 2806 1508 2813 ,

907 2812 936 2866 id
954 2812 1069 2867 student
1085 2809 1204 2874 efficere,
1224 2815 1255 2865 ut
1273 2812 1345 2867 alter
1362 2812 1493 2867 alterum

908 2887 957 2937 aut
977 2882 1083 2937 divitiis
1103 2887 1153 2936 aut
1174 2881 1265 2953 gloria
1282 2887 1332 2937 aut
1348 2883 1427 2938 fama
1437 2889 1492 2938 aut

907 2954 1074 3009 auctoritate
1084 2958 1213 3022 superet3
1227 2958 1350 3009 attamen
1361 2970 1396 3009 ex
1409 2960 1494 3010 utra-

907 3040 960 3094 que
969 3031 1051 3095 parta
1062 3023 1217 3078 immutatis
1227 3026 1307 3093 quasi
1317 3027 1494 3094 quibusdam

905 3096 1033 3150 terminis
1064 3096 1271 3165 circumscripti
1299 3102 1380 3151 suut:
1421 3098 1495 3152 binc

906 3182 955 3221 aas
973 3168 1086 3221 coercet
1110 3166 1199 3220 totius
1227 3166 1324 3221 mundi
1354 3168 1495 3223 dontinus

906 3255 939 3293 ao
979 3239 1151 3308 guberuator
1193 3236 1322 3308 Iuppiter
1359 3240 1494 3309 optimus

906 3310 1058 3371 maximus,
1097 3307 1176 3361 illinc
1207 3310 1361 3363 communis
1397 3312 1496 3365 omni·

907 3382 958 3435 bus
976 3378 1142 3433 mortalibus
1160 3380 1299 3433 moriendi
1312 3396 1493 3437 sorsomnes

906 3450 1024 3521 colligit.
1071 3450 1129 3503 lam
1153 3450 1225 3514 vide,
1256 3468 1338 3519 quam
1370 3455 1495 3523 egregie

907 3522 958 3576 bos
988 3521 1089 3591 quibus
1126 3521 1308 3576 continentur
1339 3522 1498 3579 hominum

907 3594 1000 3647 studia
1023 3592 1159 3647 terminos
1185 3592 1214 3645 iu
1241 3594 1367 3649 versibus
1397 3596 1495 3651 etiam

907 3663 943 3718 ad
959 3670 1104 3731 utramque
1124 3667 1233 3733 partem
1258 3670 1342 3733 poeta
1366 3666 1497 3721 colloca·

906 3736 980 3789 verit
997 3734 1044 3803 (cf.
1062 3752 1089 3789 v.
1100 3736 1116 3787 6
1128 3751 1167 3803 sq.
1188 3738 1216 3787 et
1233 3750 1259 3789 r.
1272 3736 1395 3807 14-16).
1433 3738 1498 3794 De-

907 3806 972 3861 inde
991 3804 1200 3875 transgreditur
1221 3806 1257 3860 ad
1277 3822 1311 3861 ea
1331 3824 1402 3876 quac
1419 3808 1497 3865 inde

908 3874 1076 3931 efficiuntur.
1095 3874 1275 3931 Manifestum
1287 3882 1331 3932 est
1345 3880 1432 3943 enim,
1456 3898 1498 3935 ne

908 3948 1021 4003 summis
1042 3946 1151 4017 quidam
1171 3947 1277 4003 divitiis
1300 3966 1394 4003 veram
1420 3970 1500 4021 ppo-

907 4020 996 4074 crcari
1016 4019 1188 4082 felicitatem,
1216 4034 1287 4088 quas
1316 4038 1372 4074 non
1388 4028 1501 4091 potest

907 4091 1025 4161 reperiri
1043 4089 1099 4144 nisi
1117 4090 1146 4143 iu
1167 4090 1251 4143 animi
1270 4092 1453 4149 continentia
1465 4096 1499 4150 in

907 4162 1022 4230 eiusque
1039 4161 1198 4225 comitibus,
1225 4165 1363 4230 perpetua
1385 4168 1416 4219 et
1438 4168 1501 4221 im·

906 4240 983 4287 mota
999 4231 1203 4301 tranquillitate
1215 4235 1244 4286 et
1263 4235 1421 4305 aequitate3
1444 4255 1501 4293 cu-

907 4304 1028 4374 piditate
1047 4308 1077 4359 et
1095 4302 1232 4357 aviditate
1248 4303 1319 4357 nihil
1338 4305 1420 4376 gigni
1433 4310 1501 4365 nisi

908 4376 1070 4431 continuum
1088 4376 1218 4428 timorem
1234 4391 1268 4429 ac
1284 4383 1397 4431 matum.
1437 4380 1501 4436 Fe·

907 4447 947 4501 lix
957 4447 1045 4515 igitur
1054 4447 1077 4500 is
1096 4445 1171 4499 solus
1182 4449 1235 4509 est,
1254 4448 1397 4517 quiquam
1415 4450 1501 4509 haec

907 4519 965 4574 sint
981 4534 1049 4572 vera
1066 4516 1121 4571 sibi
1137 4518 1277 4587 persuasit
1300 4518 1424 4589 ideoque
1459 4527 1502 4580 iis

906 4591 990 4645 rebus
1008 4604 1079 4659 quaa
1098 4588 1293 4647 benevolentia
1307 4590 1431 4647 deorum
1447 4612 1502 4652 ac-
