3125 5225
388 248 475 315 LIB.
495 248 562 315 III.
581 246 720 315 OARM.
742 245 893 313 XXVII.

451 440 641 527 ΟΜΝ
668 442 834 527 XXVH.

243 610 387 709 Impios
413 633 549 708 parrae
576 604 779 681 recinentis
804 631 916 679 omen

241 736 364 809 Ducat
390 746 426 809 et
450 757 665 831 praegnans
695 730 798 805 canis
823 743 888 804 aut
908 731 957 809 ab
983 756 1078 828 agro
1190 763 1193 771 ·

239 860 345 933 Ruva
367 858 573 933 decurrens
599 855 691 953 lupa
715 854 918 929 Lanuvino

342 984 513 1081 Fataque
538 980 673 1079 vulpes
689 1006 698 1077 3

215 1160 411 1257 sRumpat
436 1170 474 1231 et
499 1180 655 1253 serpens
682 1154 753 1229 iter
779 1154 1004 1249 institutum,

139 1350 143 1361 .
241 1280 285 1356 Si
308 1306 380 1378 per
404 1279 605 1379 obliquum
627 1276 761 1351 similis
788 1278 949 1375 sagittae

244 1404 398 1480 Terruit
423 1428 603 1478 mannos:
622 1427 701 1499 ego
730 1402 793 1475 cui
816 1401 960 1477 timebo

349 1527 538 1605 Providus
563 1552 717 1624 auspex,

196 1769 345 1824 Carmen
363 1766 475 1823 XXVII.
673 1747 786 1819 plorum
810 1748 840 1799 st
864 1745 1106 1815 comparationum
1122 1744 1166 1799 ris
1185 1744 1246 1799 uui·

673 1834 754 1873 versa
775 1820 928 1887 spectetur,
945 1834 1003 1871 non
1020 1817 1144 1871 omnium
1153 1832 1247 1870 rerum
1335 1823 1342 1835 ⁶

97 1888 199 1945 Galatea
225 1889 324 1943 nescio
350 1906 406 1957 quc
431 1887 541 1943 ratione
561 1902 624 1940 cum
674 1896 723 1945 sut
742 1889 867 1959 pnrtium
884 1888 1089 1959 opportunitas.
1123 1886 1170 1941 Ex
1186 1888 1247 1956 qui·

67 1958 166 2015 Horatio
183 1960 334 2015 coniuncta
360 1990 394 1999 -
423 1958 453 2013 id
470 1957 544 2027 quod
561 1973 624 2028 pro-
673 1962 726 2016 bus
749 1964 783 2015 ut
805 1976 890 2014 unum
913 1976 966 2030 pro
1004 1976 1077 2023 nam,
1101 1959 1192 2013 exitus
1211 1958 1247 2016 dc.

67 2033 136 2085 batur
152 2049 234 2087 versu
255 2034 289 2085 14
307 2060 343 2070 -
371 2048 453 2101 qnam
471 2028 561 2083 adhuc
578 2028 625 2083 ha·
674 2048 776 2102 magno
795 2049 849 2101 quo
867 2030 953 2103 digna
987 2048 1076 2102 urope
1092 2030 1189 2084 habita
1206 2029 1249 2084 di-

69 2102 119 2156 buit
138 2102 227 2158 secem
256 2120 292 2158 ac
320 2103 401 2157 simul
426 2106 539 2185 poetam
562 2100 626 2154 reli·
675 2106 750 2159 citur
767 2102 875 2157 honore
886 2101 956 2155 nihil
967 2101 1250 2156 accommodatusest

69 2178 135 2227 ctura
151 2178 200 2231 ast.
236 2174 262 2227 A
282 2191 339 2243 quo
359 2173 475 2228 consilio
493 2172 541 2227 ille
562 2188 625 2225 cum
675 2174 712 2229 ad
731 2174 884 2240 Galateam,
903 2174 958 2229 uisi
975 2172 1049 2228 torte
1066 2173 1168 2240 credis,
1195 2171 1249 2227 hoc

68 2243 169 2311 tustra,
201 2252 235 2299 ut
262 2246 392 2309 videtur,
422 2260 538 2298 avocare
564 2259 625 2296 eam
676 2250 801 2301 secutum
821 2261 883 2299 esse
902 2246 1024 2314 postem,
1051 2249 1085 2297 ut
1104 2244 1250 2299 levitatem

69 2318 215 2379 sumserit,
243 2333 282 2370 ne
315 2316 428 2371 omnino
455 2314 541 2370 iaciat
569 2315 626 2368 iter
676 2322 705 2373 et
722 2316 942 2389 impmdeutiam
958 2331 1014 2371 nou
1038 2332 1122 2385 possa
1145 2314 1251 2385 corrigi

67 2388 218 2454 persuadere
231 2388 289 2442 iam
305 2404 364 2441 non
376 2386 472 2441 studet
485 2388 626 2457 negetque
676 2388 784 2443 diceret
800 2387 856 2442 nisi
874 2387 1113 2441 intercedentibus
1132 2387 1249 2441 deorum

67 2474 89 2511 se
110 2465 256 2529 propterea
287 2476 351 2513 sam
382 2457 462 2513 malis
496 2456 627 2528 prosequi
676 2459 851 2527 numinibus;
877 2457 909 2513 id
934 2457 1011 2527 quod
1035 2459 1071 2513 de
1090 2458 1148 2513 suis
1166 2458 1250 2512 rebus

66 2530 193 2595 cnutus,
212 2530 321 2600 quibus
339 2530 479 2584 neminem
496 2529 550 2583 nisi
569 2546 627 2581 ma·
676 2531 809 2587 Galatesc
824 2547 880 2584 non
898 2529 981 2584 licuit
998 2533 1170 2599 exspectare.
1201 2528 1251 2583 Ge-

64 2600 109 2656 lun
126 2608 151 2657 st
171 2602 292 2674 impium
318 2600 459 2656 hominem
476 2600 565 2672 plecti
581 2617 626 2656 ve·
675 2608 769 2658 terum
796 2602 936 2656 nescimus
962 2619 1054 2672 neque
1072 2619 1143 2670 quas
1163 2600 1252 2656 fuerit

63 2671 101 2742 lit;
117 2673 197 2729 immo
214 2673 411 2744 praesentiam
430 2673 498 2728 mac
509 2671 627 2727 tutelam
677 2674 794 2729 Galatce
802 2690 893 2742 neque
905 2690 960 2743 quo
971 2691 1044 2728 anno
1056 2690 1169 2728 carmen
1180 2673 1247 2728 scri·

63 2742 161 2800 deorum
179 2763 209 2802 ss
230 2748 381 2815 exoptare.
412 2743 473 2800 Hoc
493 2761 578 2797 unum
598 2761 627 2798 se
676 2745 820 2817 ptum'sit.

62 2816 126 2878 selle,
152 2835 187 2872 ue
217 2817 384 2887 procelloso
409 2815 462 2870 hoc
486 2815 628 2870 auctumni
713 2817 745 2872 V.
756 2819 781 2871 3.
817 2816 898 2882 rasa]
926 2812 1012 2868 »Rari
1032 2815 1135 2870 eoloris
1153 2815 1249 2886 appel·

63 2891 171 2958 tempore
188 2889 247 2943 iter
266 2888 409 2942 instituat.
429 2886 543 2942 Etenim
560 2891 628 2940 tcm-
677 2889 774 2943 tantur
792 2887 839 2955 qui
857 2889 923 2940 sunt
939 2885 1015 2940 inter
1035 2887 1123 2942 flavos
1140 2891 1171 2942 et
1186 2903 1251 2940 cae-

62 2965 168 3026 peetstcs
179 2978 239 3016 non
252 2961 358 3014 timere
367 2959 546 3013 temerarium
558 2973 630 3024 esss;
678 2961 751 3015 sios«
767 2958 869 3013 Festus
882 2975 910 3026 p.
919 2960 980 3011 leo.
990 2987 1025 2997 -
1040 2957 1189 3028 bonumne]
1199 2957 1252 3012 La·

61 3033 205 3086 temeritate
232 3035 336 3086 autem
360 3029 486 3099 pericula
502 3029 582 3100 gigni
600 3034 629 3083 et
678 3031 803 3097 nuvium,
820 3029 896 3083 Latii
913 3027 1057 3098 oppidum,
1073 3029 1150 3084 haud
1167 3030 1252 3099 louge

61 3103 237 3170 poenitentias
258 3099 385 3156 dolores.
411 3099 500 3168 Quam
517 3099 629 3170 quidem
678 3120 696 3156 a
713 3103 759 3156 ris
776 3103 870 3171 Appia
886 3102 985 3167 situm;
1015 3101 1055 3155 sic
1072 3100 1200 3156 breviter
1217 3100 1252 3154 si·

62 3175 214 3230 sententian
236 3173 379 3228 Horatius
407 3173 509 3227 nudam
536 3171 575 3227 sic
600 3173 630 3226 st
679 3173 850 3245 guilicentur
869 3171 919 3241 qui
935 3171 992 3225 iter
1008 3172 1115 3226 famant
1131 3171 1251 3226 ineam·

62 3242 176 3313 trigidum
195 3261 364 3315 proponere
388 3243 480 3298 noluit
504 3242 534 3297 in
560 3243 631 3297 eius·
679 3245 792 3316 panium
811 3247 841 3297 et
861 3241 1059 3297 Brundusium.
1084 3271 1117 3284 -·
1144 3254 1254 3314 rumpat

60 3330 102 3382 que
126 3317 220 3372 locum
249 3313 405 3370 substituit
426 3313 557 3384 Europae
584 3331 630 3369 ex·
681 3317 717 3390 es]
743 3315 775 3370 In
802 3315 899 3384 paucis
924 3313 1004 3368 codd
1024 3320 1124 3386 rumpit
1147 3315 1254 3384 legitur

61 3388 167 3456 emplum
195 3393 227 3443 et
259 3387 395 3442 fabulam.
444 3386 631 3441 Continuetur
680 3386 852 3453 sBentlsio,
865 3436 867 3439 .
880 3384 999 3439 Maiusk.
1024 3385 1128 3454 Haupt.
1147 3386 1253 3441 Keller.

61 3461 139 3512 sutem
157 3475 212 3530 per
233 3458 362 3528 triginta
379 3455 439 3510 fere
456 3473 552 3512 versus
566 3474 630 3526 poe·
679 3462 833 3528 receptum.
851 3456 981 3511 Alterum
1000 3457 1123 3525 rectius3
1140 3475 1206 3512 nam
1222 3457 1254 3511 id

59 3529 324 3599 uitentiaEuropae
344 3527 511 3582 dolositate
529 3545 579 3583 sua
598 3545 631 3583 ac
679 3531 773 3600 ipsum
791 3528 946 3582 infaustum
964 3531 1017 3592 cst,
1044 3529 1121 3597 quod
1138 3529 1195 3583 iter
1211 3529 1253 3583 in·

60 3601 213 3667 temeritate,
241 3607 278 3656 ut
305 3601 368 3654 luce
386 3598 488 3654 clarius
506 3599 552 3664 sit,
573 3617 631 3654 non
679 3601 810 3656 stitutum
823 3601 1015 3668 serpentsper
1023 3600 1167 3668 obliquam
1179 3601 1253 3655 riam

59 3669 128 3726 aiter
152 3677 242 3744 atque
275 3673 307 3726 iu
336 3671 425 3726 earm.
444 3669 493 3734 111,
514 3673 530 3724 3
549 3676 578 3725 et
598 3673 629 3724 ll
680 3672 813 3728 celeriter
828 3671 942 3726 labente
958 3671 1189 3740 interrumpitur3
1207 3671 1255 3725 de·

58 3741 124 3798 tuus
141 3743 284 3800 carminis
303 3759 439 3798 summam
458 3743 627 3796 sententiam
677 3744 743 3798 inde
764 3743 878 3812 vulgata
895 3741 980 3796 lectio
995 3742 1173 3797 veliementer
1194 3761 1254 3798 sus·

61 3813 150 3884 tuipse
159 3815 261 3871 tabula
273 3831 338 3868 esse
349 3814 535 3882 quaerendam
546 3830 628 3882 quae·
676 3818 805 3870 tentetur
832 3813 912 3884 gravi
936 3830 970 3866 ac
991 3813 1077 3882 plena
1091 3829 1188 3870 sersus
1211 3831 1255 3868 se·

61 3901 102 3952 que
117 3887 300 3957 praecedant
318 3885 426 3952 reliqua
451 3901 546 3938 rerum
565 3889 629 3938 ten-
677 3886 762 3942 cundi
780 3884 983 3940 alliteratione:
1002 3887 1081 3939 decus
1102 3897 1255 3940 et-rsn·

58 3959 107 4010 tun
123 3959 309 4014 occasionem
326 3955 476 4024 explicare.
519 3955 628 4010 Deinde
657 3971 725 4028 pat
751 3970 790 4026 ιη
818 3957 928 4026 qualem
955 3955 1123 4010 adamarunt
1151 3962 1253 4026 poetae

60 4031 185 4084 autentis
203 4028 268 4092 illa.
291 4045 347 4096 qua
360 4026 432 4082 scire
447 4025 565 4082 dicimus
580 4027 629 4080 ho·
678 4029 768 4084 latini.
796 4057 831 4068 -
859 4029 983 4093 mma]
1011 4028 1112 4080 animet
1132 4045 1166 4082 ex
1184 4045 1254 4097 equo

59 4099 132 4154 niues
159 4101 232 4171 quid
263 4099 445 4167 relinquant,
477 4097 544 4167 quid
572 4099 630 4153 sint
679 4105 709 4155 st
724 4099 804 4154 asina
818 4102 926 4164 uatum,
943 4099 1081 4152 maximae
1091 4100 1254 4164 celeritatis,

59 4166 184 4226 urenturi
213 4169 341 4230 nescire,
370 4169 512 4239 egregium
538 4169 631 4224 locum
680 4187 766 4241 quere
784 4169 821 4225 ad
838 4170 940 4224 rhedas
960 4168 1112 4224 trahendas
1127 4169 1255 4241 frequen·

60 4239 173 4298 nlntio
192 4242 315 4298 fabulas
331 4243 416 4294 nacta
443 4245 487 4294 eat
512 4239 631 4294 mirifice
680 4247 725 4297 ter
753 4241 916 4296 adhibitum.
970 4240 1008 4294 cf.
1033 4240 1181 4315 Epod.¹4‚
1209 4246 1250 4298 14.

60 4310 121 4368 uter
137 4333 167 4370 se
186 4312 337 4384 oppositis
354 4309 479 4379 strophis
491 4316 591 4366 octava
600 4315 630 4366 et
681 4313 772 4383 Epist.
792 4311 815 4381 1,
833 4317 858 4376 7,
878 4316 920 4367 77.
953 4343 982 4351 —
1011 4317 1056 4367 css·
1081 4314 1188 4383 timeto]
1209 4314 1255 4369 Sic

61 4399 128 4439 nona.
145 4386 206 4440 Iam
226 4383 284 4454 qni
303 4381 430 4452 singulas
446 4381 630 4452 fabuleopar-
680 4382 951 4453 rectc,cf.8at.11‚
973 4386 1059 4446 me.
1096 4383 1176 4438 Ovid.
1194 4384 1255 4440 Am.

61 4459 94 4510 lca
117 4475 178 4514 cum
205 4455 329 4511 Galatea
348 4451 435 4506 vellet
461 4469 630 4524 comparare,
681 4455 717 4521 Π,
737 4459 778 4522 11,
794 4458 826 4510 9:
853 4455 943 4522 »Quid
961 4454 1022 4518 tibi,
1050 4470 1095 4507 ms
1111 4455 1256 4525 misorum,

61 4525 631 4660 timenutensium
681 4525 1255 4667 intremiscente

623 4627 633 4638 .
979 4639 985 4651 ,
1076 4636 1084 4665 ‚
1245 4629 1256 4642 .

92 4707 479 4757 &nuumnfflmhmesadffi
1017 4700 1055 4755 15
