3125 5225
260 218 268 250 l

534 279 895 385 mmmm

164 472 224 548 Ne
249 473 395 572 gallina
420 472 564 547 malum
589 484 789 571 responset
814 468 914 545 dura
938 468 1080 567 palato,

165 600 307 674 Doctus
332 598 407 674 eris
433 598 561 673 vivam
589 598 701 672 misto
725 620 895 672 mersare
920 593 1104 668 Falerno:

115 754 144 793 e
168 721 256 798 Hoc
279 736 450 799 teneram
474 724 600 799 faciet.
651 722 898 798 Pratensibus
924 719 1071 817 optima
1097 714 1227 812 fungis

164 847 311 925 Natura
336 862 412 923 est:
439 848 523 924 aliis
547 847 651 923 male
675 845 856 922 creditur.
905 842 979 920 Ille
1005 841 1178 917 salubres

167 970 341 1047 Aestates
366 985 536 1071 peraget,
562 973 631 1072 qui
656 972 778 1071 nigris
804 970 966 1069 prandia
992 967 1108 1043 morie

163 1094 300 1191 Finiat,
326 1108 415 1173 ante
438 1120 596 1196 gravmn
622 1120 723 1197 quae
747 1094 886 1194 legerit
911 1094 1049 1169 arbore
1074 1090 1206 1167 solem.

166 1216 345 1295 Aufidius
369 1218 463 1295 forti
487 1219 674 1296 miscebat
698 1218 816 1295 mella
840 1217 1017 1314 Falerno,

116 1376 143 1415 ss
166 1342 367 1436 mendose,
393 1342 575 1443 quoniam
602 1343 732 1418 vacuis
756 1341 993 1417 committere
1018 1340 1124 1417 venis

166 1468 232 1543 Nil
255 1469 333 1542 nisi
358 1467 445 1544 lenc
467 1468 599 1544 decet:
623 1468 702 1544 leni
726 1464 955 1565 praecordia
980 1466 1104 1541 mulso

169 1592 366 1668 Proluen’s
391 1592 540 1668 melius.
591 1594 631 1669 Si
658 1592 757 1667 durs
779 1590 992 1665 morabitur
1017 1591 1137 1687 alvus,

169 1716 327 1792 Mitulus
351 1728 391 1792 et
414 1716 509 1792 viles
534 1717 682 1816 pellent
707 1718 898 1793 obstantia
922 1714 1089 1792 conchae

165 1818 1230 1941 ummmmmmfflmmnmmn

118 1997 144 2036 a
170 1966 342 2042 Lubrica
365 1976 563 2041 nascentes
588 1964 753 2065 implent
775 1964 977 2066 conchylia
1004 1964 1128 2060 lunae,

168 2090 245 2169 Sed
270 2114 348 2165 non
374 2114 491 2166 omne
515 2103 703 2167 moreest
729 2116 939 2189 generosae
965 2090 1092 2166 fertile
1114 2100 1250 2173 testae:

166 2216 316 2293 Murice
340 2215 650 2290 Baianomelior
675 2216 844 2291 Lucrina
866 2216 1022 2315 peloris,
1057 2314 1064 2329 ἱ

81 2399 89 2413 .
166 2343 307 2420 Ostrea
334 2342 502 2438 Circeiis,
530 2342 679 2418 Miseno
705 2342 880 2416 oriuntur
908 2340 1042 2437 echini,

114 2555 188 2611 num
210 2572 309 2612 eorum
326 2558 371 2611 ess
386 2554 522 2609 indicium
537 2555 585 2626 qni
604 2555 640 2611 de
659 2572 691 2609 re
741 2556 792 2681 pte
810 2559 860 2611 aut
876 2554 947 2611 falsa
965 2556 1096 2611 videntur
1112 2558 1162 2609 aut
1179 2555 1226 2609 vul
1264 2554 1314 2607 ria.

113 2627 243 2683 hortensi
273 2627 462 2699 scripserunt3
494 2641 590 2681 omnes
617 2627 691 2682 enim
767 2629 972 2697 epromulside
993 2628 1066 2683 Plin.
1076 2627 1110 2682 H.
1124 2627 1220 2681 ΗΧ
1248 2629 1313 2692 ,242

114 2703 198 2754 aiunt
214 2698 487 2754 santonensem
498 2699 621 2768 gaudere
631 2699 692 2754 solo
744 2699 873 2768 »Semper
890 2701 1009 2754 mulsum
1024 2717 1059 2753 ex
1074 2703 1170 2754 vetere
1185 2698 1250 2752 vino
1263 2699 1317 2752 uti·

114 2770 233 2825 hemido
249 2775 280 2824 et
292 2772 385 2824 minus
401 2786 419 2823 a
438 2771 507 2824 rico.
525 2799 559 2810 -
578 2770 690 2839 melan]
741 2769 880 2825 tissimum
890 2770 1076 2842 facillimeque
1085 2787 1148 2825 eum
1157 2769 1240 2824 melle
1249 2785 1315 2824 con·
1425 2825 1429 2838 ,

113 2843 402 2914 pmssalaatb'arm.
437 2841 690 2912 ,19,s.111‚27‚et,
739 2847 915 2912 corporatur,
941 2842 1015 2911 quod
1033 2843 1063 2896 in
1080 2841 1155 2896 dulci
1173 2857 1315 2910 nunquam

112 2915 193 2968 alias
231 2943 261 2954 -
300 2920 385 2968 mse.
412 2913 541 2983 Paterno]
568 2913 610 2967 De
638 2911 691 2980 hae
740 2913 843 2968 evenit.
871 2915 915 2968 Ex
935 2917 1048 2968 austero
1065 2929 1123 2968 non
1139 2913 1240 2982 implet
1257 2913 1314 2967 sto-

112 2985 240 3040 omninm
276 2984 413 3039 librorum
444 2984 522 3039 MSS
550 2984 692 3054 scriptura
739 2983 893 3040 maehum«
920 3012 954 3026 --
983 2985 1116 3054 Aufidius]
1134 2983 1315 3054 suspicantur

111 3056 277 3111 Beatleius:
307 3055 390 3126 »quid
407 3071 487 3127 rogo,
513 3056 542 3109 in
581 3055 613 3118 it,
635 3055 692 3109 sibi
740 3055 794 3110 siri
817 3056 901 3121 docti,
929 3057 1003 3111 hunc
1029 3073 1090 3110 esse
1113 3057 1151 3110 ldt
1172 3053 1314 3110 Aufidium

111 3128 176 3182 vult
194 3133 276 3182 ndns
295 3130 422 3192 Falerno,
442 3143 507 3182 cnm
522 3127 551 3180 n'
574 3125 593 3180 il
611 3125 691 3195 quid·
740 3127 904 3194 Lurconem,
926 3128 960 3183 de
978 3143 1034 3196 quo
1053 3127 1122 3180 Plin.
1137 3127 1171 3181 ll.
1178 3126 1211 3182 N.
1222 3127 1314 3190 Md:

112 3214 199 3268 quein
226 3197 276 3253 hio
301 3199 340 3252 sit
369 3214 491 3283 quocum
518 3198 691 3252 misceatur?
742 3199 1049 3270 »Saginarespavoned
1066 3197 1173 3268 primus
1191 3197 1316 3253 institnit

109 3270 192 3342 Ergo
211 3269 387 3340 subintelligi
411 3270 458 3325 hic
479 3269 581 3324 rolant
602 3270 692 3323 inter·
739 3269 816 3324 circa
830 3271 1014 3326 novissimum
1038 3271 1187 3340 piraticum
1210 3269 1315 3324 bellum

110 3349 278 3412 pamm
293 3361 375 3412 equs.
394 3340 474 3397 Unde
490 3341 545 3395 boo
560 3341 596 3395 iis
615 3355 690 3394 com-
739 3340 1017 3397 msufieiustureo
1036 3359 1125 3411 exque
1144 3357 1177 3396 eo
1196 3343 1314 3410 quaestu

110 3411 249 3483 parim
266 3412 324 3467 One
340 3413 500 3484 magiam
516 3433 588 3484 uque
605 3428 690 3494 quam
738 3413 848 3466 reditus
866 3413 1026 3468 sestertium
1053 3429 1192 3482 sexagenis
1209 3413 1247 3467 M.
1264 3412 1314 3467 ba-

112 3503 175 3539 ean
190 3486 285 3548 nelle,
309 3488 370 3538 else
396 3485 440 3539 vel
461 3483 517 3538 alio
540 3499 639 3552 quom
657 3483 691 3536 li·
740 3483 826 3540 buit«
850 3513 881 3524 -
901 3491 994 3539 sacnti
1011 3484 1096 3553 esais]
1116 3484 1258 3539 stomacho
1277 3484 1315 3538 ie·

112 3555 239 3626 querele
269 3554 310 3608 At
325 3571 395 3610 vero
411 3556 482 3610 nibil
501 3555 546 3608 hic
566 3554 691 3609 ohscuri-
740 3554 816 3619 iuno,
834 3555 912 3609 utin
931 3556 1012 3610 initio
1052 3555 1144 3610 rendli
1164 3554 1311 3620 eleseu,

109 3625 180 3680 hiis
197 3629 251 3681 esi.
274 3625 358 3681 delet
373 3625 583 3697 &simplicibus
602 3624 690 3678 homi·
739 3573 1313 3698 3,1ts.-prstesrtsfcf.Sat.l‚5‚16.·-

109 3698 195 3752 aibas
279 3697 326 3752 'na
343 3699 425 3766 coqui
442 3699 473 3752 in
483 3714 564 3766 aqua,
584 3695 690 3751 suiad·
738 3699 862 3768 misulas]
891 3697 1027 3753 conchula
1049 3699 1200 3754 esculenta.
1243 3698 1314 3754 Cels.

107 3769 218 3824 missen
314 3768 399 3824 docet
415 3768 519 3824 artifex
536 3768 689 3824 culinarius
739 3767 780 3831 11,
810 3773 857 3824 29:
884 3769 1001 3823 »Alvum
1029 3774 1143 3825 movent
1174 3770 1312 3834 cochleae,

108 3840 279 3909 Falernum
295 3857 461 3910 quamquam
472 3841 525 3894 hoo
535 3855 647 3906 novum,
657 3843 689 3894 nt
738 3843 842 3905 ostrea
860 3841 1010 3911 pelorides,
1026 3841 1127 3908 echini,
1148 3843 1266 3895 musculi
1285 3846 1316 3895 et

107 3913 147 3966 ait
164 3911 418 3982 alemannum
432 3911 504 3966 nihil
513 3911 636 3966 fortem
646 3911 688 3964 di·
739 3927 836 3966 omues
847 3913 905 3966 lere
916 3913 1067 3968 conchulae
1079 3915 1252 3982 maximeque
1270 3913 1314 3965 ius

108 3983 200 4038 sutis
216 3983 460 4038 adelicatulomm
471 3983 615 4037 hominum
629 3983 691 4037 vul·
738 3998 859 4036 earum«
890 4013 923 4024 -
952 3987 1014 4038 elbo
1034 3985 1100 4053 Ceo]
1129 3985 1200 4038 Plin.
1224 3983 1257 4036 H.
1279 3983 1313 4038 N.

108 4054 313 4180 mutatione.
331 4054 409 4108 Nihil
424 4053 689 4126 opussssevidetur
739 4053 810 4120 XIV,
833 4058 865 4125 8,
884 4058 933 4109 78:
964 4056 1036 4110 »Coi
1064 4055 1201 4109 marinam
1215 4069 1313 4123 aquam

192 4125 276 4180 ciana
290 4125 550 4181 conlactaneus·
561 4129 687 4180 Falerno.
737 4125 889 4195 largiorem
927 4126 1046 4182 miscent
1077 4127 1164 4195 (vino)
1195 4141 1214 4180 a
1241 4127 1315 4180 serui

108 4195 219 4252 Deinde
234 4213 292 4251 son
302 4197 398 4251 nuum
410 4199 500 4253 solum
511 4213 600 4266 aquae
609 4196 687 4251 addi·
737 4197 813 4251 furto
834 4196 943 4268 origine
962 4203 1026 4253 orta
1041 4197 1083 4252 sic
1095 4212 1253 4252 mensuram
1262 4213 1310 4251 ex-

107 4272 167 4322 tnn
183 4269 348 4323 temsitstis
363 4274 508 4333 mussat,
529 4268 578 4323 sed
588 4267 687 4322 »audo-
735 4267 849 4338 plantis,
861 4286 931 4339 quae
944 4270 1081 4324 translata
1098 4269 1127 4322 in
1141 4269 1235 4323 albuin
1252 4285 1313 4324 mu·

105 4339 183 4394 catio
193 4338 535 4409 spirituumqueritalium
545 4339 687 4394 intusvio·
736 4345 811 4394 stum
837 4345 989 4395 lauressam
1009 4357 1045 4410 ap
1065 4339 1192 4395 ellatur«
1205 4339 1245 4378 '-··
1267 4361 1314 4396 ss·

106 4412 183 4466 tent·
200 4411 473 4466 conslnnoearnem
520 4411 686 4466 odammodc
737 4357 1118 4481 seeetsslnseeJPlindlilt:
1132 4409 1312 4483 »Lunsripo-

106 4488 280 4538 κωπίω
294 4486 474 4538 tenerescere
534 4483 580 4536 ’.ι
601 4482 685 4552 Gruq.
735 4485 839 4538 testate
865 4487 1023 4537 ostreorum
1047 4480 1312 4552 conchyliorumque

142 4554 229 4610 Ul.
254 4553 337 4621 Quae
353 4553 539 4625 insequuntur
556 4553 592 4608 de
607 4553 684 4607 sade·
733 4559 764 4609 et
773 4554 942 4610 concharum
952 4554 1074 4608 omnium
1083 4569 1204 4622 corpora
1211 4554 1310 4625 augeri

106 4625 214 4681 incitate
229 4623 364 4682 Mn
380 4625 557 4695 quomdam
571 4639 684 4696 praese-
733 4643 769 4681 sc
785 4643 881 4681 rursm
892 4625 981 4682 minui
997 4625 1173 4698 exquisivere
1190 4625 1308 4700 diligen·
