3125 5225
442 299 530 365 LIB.
552 298 577 364 l.
596 296 734 366 CARM.
757 294 838 363 VH.

109 492 291 589 Perpetuc,
318 493 372 567 sic
400 504 440 566 tu
468 491 618 588 sapiens
643 488 754 563 finire
780 500 971 564 memento

195 616 401 693 Tristitiam
424 616 603 715 vitaeque
627 614 778 689 labores

107 739 213 837 llolli,
238 741 389 837 Plance,
416 766 533 837 mero,
558 765 623 815 seu
651 752 689 814 te
716 738 906 837 fulgentia
930 738 1049 836 signis

75 902 95 939 s
195 866 326 944 Castra
352 880 483 942 tenent
508 891 574 940 seu
601 864 719 940 densa
748 864 894 939 tenebit

108 989 244 1064 Tiburis
272 993 409 1065 umbra
433 992 499 1065 tui.
552 991 700 1065 Teucer
726 988 922 1065 Salamina
945 999 1172 1087 patremque

193 1115 288 1193 Cum
312 1115 475 1214 fugeret,
502 1128 629 1189 tamen
651 1113 730 1187 uda
753 1113 883 1211 Lyaeo
1036 1113 1039 1119 ’

106 1242 281 1337 Tempora
303 1239 472 1339 populea
498 1240 620 1315 fertur
644 1238 812 1313 vinxisse
835 1263 977 1313 corone

192 1362 254 1441 Sic
280 1364 406 1439 tristes
433 1364 568 1439 affatus
596 1364 757 1439 amicos:

76 1490 182 1581 sQuo
207 1516 275 1565 nos
304 1516 455 1590 cunque
482 1488 578 1565 feret
603 1488 740 1564 melior
764 1491 921 1564 fortuna
945 1503 1105 1585 parente

187 1616 345 1711 Ibimus,
373 1641 394 1689 o
422 1614 515 1691 socii
539 1616 792 1721 comitesque:

104 1740 156 1814 t'il
180 1740 464 1839 desperandum
490 1740 636 1817 Teucro
660 1740 757 1815 duce
785 1755 823 1815 et
843 1742 1003 1839 auspice
1027 1741 1196 1833 Teucr03

189 1868 326 1945 Certus
353 1866 455 1942 enim
482 1866 659 1963 promisit
686 1864 843 1963 Apelle,

70 2077 136 2131 Tarm.
152 2076 194 2143 ill,
205 2082 248 2149 27,
268 2082 310 2134 19.
347 2078 380 2131 In
398 2078 451 2133 hoc
469 2096 551 2133 uersu
570 2080 617 2133 ad·

71 2148 147 2204 iecora
178 2154 253 2206 altus
289 2154 400 2206 obscero
436 2167 469 2203 eo
498 2150 616 2205 oonsilio

70 2220 127 2274 iuxta
149 2222 283 2277 collocata
320 2239 381 2275 esse
416 2227 550 2293 apparet,
584 2226 617 2276 ut

70 2291 139 2363 inrgo
155 2309 221 2363 quae
247 2295 422 2363 proponitur
438 2294 500 2363 ipso
518 2294 617 2348 verbo·

70 2380 115 2416 run
136 2364 282 2420 certamine
309 2364 429 2419 clariore
454 2365 514 2419 luce
530 2364 616 2418 collu-

69 2437 155 2487 stetur.
174 2467 205 2475 -
224 2435 355 2507 deteryet]
374 2453 390 2488 a
410 2437 542 2507 deturpes,
569 2452 617 2488 an·

66 2504 159 2574 tiquiore
177 2508 254 2561 verbi
274 2508 376 2561 forma.
394 2536 427 2545 -
446 2528 526 2577 neque
543 2520 614 2578 part.

67 2577 148 2645 intes]
158 2578 238 2648 Apud
249 2576 400 2633 Horatium
414 2582 445 2631 ut
456 2577 529 2647 apud
546 2578 616 2632 alios

66 2654 139 2714 poetas
164 2667 244 2719 saepe
269 2649 314 2712 fit,
342 2655 374 2702 ut
397 2651 536 2703 sententia
561 2667 616 2720 quo

68 2719 155 2786 parim
173 2725 273 2792 tangat
300 2720 422 2774 animum
444 2721 616 2776 audientium

67 2791 98 2842 rel
112 2791 251 2859 legentium
275 2809 333 2846 non
360 2795 423 2846 tota
450 2792 532 2845 simul
551 2809 615 2862 pro·

68 2861 193 2928 nuntietur,
222 2863 273 2918 sed
299 2865 350 2918 aut
369 2863 400 2915 in
416 2867 511 2932 partes
529 2863 628 2917 ‹iisse-¹

64 2940 177 2989 cetursut
188 2936 265 2988 varie
279 2935 345 3004 ipsa
354 2939 535 3004 proponatur.
556 2935 616 2988 Hoc

66 3001 158 3080 illerum
176 3005 405 3075 amplificationis
425 3022 510 3074 genus
521 3007 616 3060 itava·

66 3079 139 3139 natur,
159 3082 188 3130 ut
198 3078 380 3131 coniunctam
398 3075 547 3130 habeamus
558 3095 617 3132 mo-

66 3144 90 3196 du
109 3147 284 3202 affirmantem
303 3151 333 3202 et
352 3153 509 3218 negantem,
532 3149 616 3204 modo

66 3218 182 3286 propriam
195 3223 224 3272 et
232 3219 376 3288 tropicam
386 3220 615 3274 enuntiationem.

67 3285 150 3342 Prioris
174 3291 286 3362 generis
313 3289 470 3360 exemplum
496 3291 549 3346 hoc
573 3295 616 3346 est

67 3357 91 3410 de
108 3377 152 3427 quo
168 3379 241 3416 nunc
268 3361 373 3432 agitur,
403 3378 521 3430 quocum
549 3379 616 3418 con-

69 3427 123 3482 teras
139 3431 186 3486 hos
205 3433 285 3487 locos
305 3432 396 3488 earm.
416 3433 526 3497 1,3‚12.
552 3433 615 3502 1‚e,

70 3500 615 3570 mmmstmmstmw

68 3569 90 3632 ll,
108 3575 141 3637 lt,
156 3578 180 3628 3.
205 3575 255 3639 111,
274 3578 302 3638 6,
324 3577 367 3629 26.
399 3573 448 3640 111,
467 3577 492 3642 9,
508 3577 533 3630 6.
568 3575 615 3646 IV,

67 3643 84 3708 l,
97 3644 134 3697 31.
174 3645 232 3714 Qua
257 3663 290 3700 re
316 3645 376 3700 fieri
394 3646 474 3711 solet,
502 3652 535 3702 ut
553 3665 616 3701 sen-

68 3715 147 3769 tentiae
162 3731 243 3787 saepe
261 3717 386 3772 causales
406 3723 435 3772 ct
459 3719 615 3772 consecuti·

67 3799 102 3835 rac
117 3803 164 3840 non
179 3787 222 3849 iis,
240 3789 344 3858 quibus
356 3790 385 3843 in
396 3789 522 3844 oratione
537 3794 616 3844 uten-

68 3853 115 3908 tun
131 3863 168 3912 est
186 3859 342 3930 particulis,
366 3859 543 3924 adiiciuntur,
566 3861 615 3916 sed

70 3923 100 3977 his
121 3941 149 3994 et,
171 3951 227 3999 quc,
254 3953 313 3989 nec.
337 3953 417 4003 neque
449 3933 616 4002 simpliciter

68 3995 189 4054 addantur.

94 4067 118 4121 V.
133 4075 168 4124 17.
202 4073 329 4198 sapiens}
346 4073 409 4128 vide
429 4074 463 4128 ad
482 4075 503 4140 l,
525 4079 549 4140 2,
570 4077 613 4128 45.

71 4137 103 4220 At
115 4144 273 4197 sententiam
299 4160 333 4198 c.
351 4143 449 4214 Eurip.
468 4145 527 4200 Alc.
546 4147 614 4200 806:

73 4227 166 4278 resuere,
190 4213 239 4280 τὴν
263 4207 337 4286 ἄγαν
354 4210 441 4283 λύπην
460 4213 541 4289 ἀφεὶς
559 4223 615 4286 no,

70 4283 118 4344 μεθ’
133 4283 207 4368 ἡμῶν
228 4281 310 4338 τάσδ’
334 4283 493 4358 ὑπερβαλὼν
520 4273 614 4354 nullut,

71 4355 199 4431 §reprom
216 4363 386 4423 πυκασθείς,-
404 4363 447 4411 xul
466 4354 533 4432 σάφ’
552 4361 615 4428 otu,

71 4423 103 4472 ut'
120 4421 206 4481 οὔνεκα
226 4429 282 4482 Τοῦ
307 4431 356 4482 νῦν
381 4433 544 4501 σκυθρωποῦ
570 4436 614 4486 καὶ

71 4496 204 4558 ξυνεστῶτος
237 4500 351 4572 φενῶν
389 4507 550 4573 Μεθορμιεῖ
583 4520 614 4557 σε

667 2096 732 2135 cens
751 2084 895 2135 austerum
912 2082 964 2135 est.
988 2078 1049 2133 Hoc
1066 2081 1161 2133 tamen
1179 2078 1242 2131 loco

667 2150 721 2205 adi.
766 2154 845 2205 molli
866 2169 918 2221 per
941 2150 1079 2220 quandem
1098 2148 1242 2220 prolepsin

667 2222 791 2292 positum
817 2229 868 2286 est,
898 2222 1028 2292 quoniam
1046 2221 1104 2275 vini
1121 2220 1242 2289 sapienti

666 2311 718 2347 usu
748 2294 907 2349 »mordaces
930 2292 1080 2363 diffugiunt
1108 2291 1242 2345 sollicitu-

667 2364 770 2419 dines«
792 2366 894 2432 (Caum.
914 2364 937 2434 1,
959 2367 1000 2432 18,
1018 2365 1054 2431 4.)
1082 2394 1113 2404 -
1134 2361 1241 2431 tenebit]
1322 2383 1325 2387 ⁴

667 2435 866 2505 Praeterquam
903 2436 978 2507 quod
1014 2436 1077 2505 ipse
1117 2433 1241 2488 eiusdem

666 2508 745 2561 verbi
762 2508 895 2576 repetitio
913 2506 1007 2577 gravis
1026 2509 1069 2561 est
1080 2507 1161 2575 (quae
1179 2504 1238 2573 qui·

667 2578 729 2633 dem
748 2578 871 2649 gravitas
887 2578 958 2634 locis
981 2594 1052 2647 quos
1075 2578 1192 2632 verbum
1210 2575 1240 2630 in

666 2667 748 2704 versu
767 2651 916 2721 occupavit
934 2650 1019 2704 etiam
1037 2649 1175 2720 augetur),
1201 2648 1242 2700 fn·

666 2727 761 2774 turum
780 2727 892 2792 tempus
906 2721 1041 2775 Munatio*
1054 2720 1121 2790 quid
1140 2719 1243 2774 facien·

666 2793 733 2846 dum
752 2793 789 2846 sit
808 2793 911 2847 leniter
929 2793 1035 2847 suadet.
1069 2821 1101 2830 -
1131 2789 1238 2914 Teuceg

665 2863 776 2918 Telamo
809 2864 888 2918 Aiaci
915 2869 945 2918 et
970 2863 1078 2918 Teucro
1106 2860 1172 2914 tiliis

666 2935 815 2990 Troianum
850 2935 955 2990 bellum
999 2932 1243 3004 proficiscentibus

667 3023 727 3061 eam
749 3006 884 3076 imposuit
902 3007 1002 3078 legem,
1028 3008 1060 3058 ut
1080 3003 1153 3058 alter
1172 3003 1242 3058 ulte·
1319 3057 1324 3075 ¹
1385 3038 1392 3050 .

667 3093 728 3131 rum
746 3079 890 3132 tutaretur
907 3095 977 3133 neve
994 3077 1067 3131 alter
1078 3076 1137 3128 sine
1149 3077 1239 3129 altero

667 3147 781 3203 rediret.
815 3150 886 3203 Aiax
907 3167 970 3203 cum
988 3149 1019 3202 in
1038 3146 1188 3201 certamine
1208 3145 1242 3200 de

667 3223 751 3275 aruris
769 3220 886 3276 Achillis
904 3219 980 3275 Ulixi
1005 3223 1080 3274 esset
1098 3217 1240 3288 posthabi-

666 3295 720 3356 tus,
739 3309 854 3346 manum
872 3291 925 3346 sibi
944 3293 1004 3360 ipse
1021 3289 1133 3358 intulit3
1152 3305 1238 3357 quare

667 3363 774 3417 Teucer
797 3364 886 3418 redux
913 3381 930 3417 a
954 3367 1036 3433 patre
1055 3378 1111 3415 non
1136 3364 1179 3413 est
1197 3377 1241 3414 ac·

666 3439 773 3504 ceptus.
817 3433 877 3502 Quo
898 3434 974 3489 fecto
997 3435 1021 3488 is
1040 3432 1179 3488 Salamine
1198 3431 1240 3497 iu-

666 3506 726 3558 sula
745 3504 847 3560 relicta
866 3505 988 3576 Cyprum
1007 3504 1150 3575 profectus
1174 3502 1241 3556 alte·

666 3593 725 3630 ram
744 3577 785 3629 ibi
803 3577 903 3631 urbem
921 3577 1029 3648 patrias
1047 3574 1243 3645 cognominem

666 3647 801 3702 condidit.
833 3680 864 3687 —
894 3647 994 3718 lyaeo]
1018 3645 1138 3708 Baccho,
1167 3645 1242 3698 vino.

667 3717 749 3786 Quod
772 3737 874 3772 nomen
898 3737 949 3774 cur
976 3720 1006 3771 in
1027 3717 1080 3771 hec
1105 3716 1243 3771 sententia

666 3790 843 3860 aptissimum
860 3791 949 3846 visum
968 3791 1014 3857 sit,
1038 3787 1121 3842 facile
1138 3788 1241 3841 intelli·

666 3866 757 3931 getur.
785 3893 818 3901 —
846 3863 911 3932 uda}
936 3866 1002 3915 aunt
1019 3859 1119 3924 calida,
1139 3859 1242 3913 exhila-

666 3935 736 3987 rata.
764 3963 798 3972 -
825 3934 951 4005 populea]
976 3932 1100 4002 Populus
1127 3929 1242 3985 Herculi

666 4021 747 4058 secra
767 4010 818 4059 est.
837 4003 891 4072 Qui
907 4005 1010 4059 itinera
1028 4002 1178 4066 faciebant,
1199 4020 1242 4056 sa·

667 4075 833 4201 priticppeut
846 4077 883 4146 τῷ
895 4069 1009 4147 ἡγεμόνι
1019 4074 1153 4145 Ἡρακλεῖ.
1171 4073 1241 4127 Xen.

693 4165 720 4200 n.
776 4150 826 4214 ,3,
847 4151 889 4201 24.

703 4217 735 4272 V.
747 4223 791 4272 27.
812 4221 911 4272 Teucro
928 4219 1003 4288 duce]
1022 4217 1124 4272 Teucri
1142 4233 1242 4272 nomen

666 4293 730 4358 post
749 4307 894 4344 caesuram
912 4293 941 4343 et
958 4291 987 4343 in
1005 4288 1061 4343 fine
1078 4305 1174 4343 versus
1186 4290 1242 4342 col·
1318 4350 1321 4357 ,

666 4361 789 4415 locatum
801 4361 974 4415 audientium
983 4361 1172 4430 legentiumvc
1182 4360 1240 4414 ani·

665 4449 724 4487 mos
743 4433 778 4488 ad
798 4449 827 4485 se
847 4432 997 4488 convertit.
1024 4432 1154 4486 Ceterum
1171 4430 1240 4487 haec

665 4521 699 4558 ex
718 4523 770 4559 usu
788 4503 913 4558 Romano
939 4503 975 4558 ad
997 4503 1132 4558 Graecum
1152 4501 1239 4558 homi·

72 4569 156 4628 stmtog
171 4572 303 4642 ἒμπεσων
322 4564 455 4642 anteon«
480 4605 512 4613 -
538 4579 614 4630 motti
663 4593 726 4631 nem
739 4575 875 4630 translata
889 4580 961 4628 sunt.
980 4574 1019 4630 cf.
1030 4573 1144 4637 Liv.V1‚
1155 4577 1196 4636 12.
1207 4579 1236 4631 6:

73 4639 135 4708 mo]
155 4639 251 4697 Vinum
276 4644 420 4698 vetustum
443 4644 539 4716 molle,
571 4663 613 4701 re·

665 4648 788 4702 »Camilli
808 4647 894 4702 ductu
912 4651 996 4714 atque
1020 4645 1145 4715 auspicio
1162 4645 1233 4699 acci·
