3125 5225
759 305 762 312 .
778 254 1048 327 surrentum

791 447 956 572 Sumus
985 447 1041 532 V.·

362 615 565 713 Egressum
592 640 733 712 mugua
758 640 820 688 me
848 611 994 708 excepit
1016 608 1149 685 Aricia
1172 608 1294 684 Roma

361 738 541 839 Hospitio
565 740 739 835 modico;
767 738 897 815 rhetor
922 760 1047 811 comcs
1075 733 1319 830 Heliodorus,
1396 730 1402 737 ’

513 978 633 1035 sm„
651 980 684 1035 v·
936 974 1007 1028 quos
1022 956 1154 1081 primos
1190 954 1492 1012 beutnouestdubium

937 1029 1003 1099 quin
1034 1028 1126 1082 uerint
1173 1045 1289 1082 ueoenus
1314 1031 1342 1081 et
1365 1026 1494 1091 Cocceius,

347 1098 450 1153 (leesor
468 1098 637 1154 Octavianus
655 1114 720 1153 curu
736 1102 843 1153 aestate
860 1116 884 1153 e.
935 1117 988 1171 per
1005 1116 1075 1168 quos
1102 1098 1157 1153 ism
1183 1116 1208 1153 s.
1227 1100 1280 1153 714
1303 1096 1398 1153 foedus
1415 1096 1494 1152 Bruu-

312 1173 365 1225 716
379 1172 525 1226 'maritimo
549 1171 623 1224 bello
642 1174 742 1225 coutru
760 1170 786 1225 S.
806 1168 886 1225 Pom·
937 1171 1065 1225 dusinum
1084 1170 1172 1225 ictum
1189 1175 1265 1239 erut5
1284 1169 1357 1223 unde
1377 1172 1442 1225 udi)
1458 1169 1494 1223 di·

310 1242 404 1310 peium
420 1245 500 1312 gesto
527 1242 678 1295 maximam
700 1241 798 1296 elassis
823 1260 886 1312 por·
936 1248 1038 1297 cuntur
1067 1258 1196 1296 »aversos
1231 1240 1307 1295 soliti
1341 1256 1493 1310 componere

310 1318 369 1366 tem
392 1314 542 1381 emisisset,
569 1314 606 1369 ud
630 1314 784 1367 Antonium
806 1314 886 1367 misit
936 1314 1065 1369 amicos«
1104 1312 1261 1367 Maecenati
1279 1316 1379 1381 sutem,
1403 1313 1447 1381 qui
1463 1328 1493 1365 ue

312 1383 514 1450 Maecenatem,
525 1385 692 1453 quiremotu
703 1386 884 1438 intertrium·
936 1386 965 1439 iu
985 1384 1086 1438 itinere
1110 1382 1221 1453 quidem
1240 1384 1386 1438 doctorum
1404 1385 1494 1437 emico·

312 1455 388 1509 viros
407 1454 550 1511 simultate
574 1455 611 1511 cd
634 1455 702 1511 belli
720 1456 885 1511 societstern
935 1472 1068 1511 rumoso
1093 1471 1189 1509 curere
1207 1455 1301 1521 vellet,
1334 1464 1423 1511 comes
1447 1453 1494 1507 suit

310 1529 460 1595 utrumque
490 1526 680 1596 coniungeret.
725 1527 817 1593 Quare
843 1528 884 1581 in·
919 1526 1081 1593 .Horutius;
1101 1526 1146 1595 qui
1164 1542 1227 1579 curu
1235 1524 1359 1579 Lucilius
1373 1524 1436 1580 olim
1446 1524 1494 1578 iter

309 1601 394 1651 eunte
425 1613 491 1653 rere
517 1614 542 1650 c.
561 1600 614 1651 717
648 1598 788 1653 Antonius
822 1616 885 1652 cum
934 1598 1024 1653 Romu
1041 1612 1128 1665 usque
1155 1594 1191 1651 sd
1209 1597 1312 1651 fretum
1330 1597 1444 1651 Siculum
1459 1594 1494 1649 f-

308 1668 443 1723 trecentis
460 1668 579 1722 nuribus
587 1668 777 1723 Brundusium
787 1674 883 1725 vectus
934 1675 1010 1725 ctum
1036 1672 1066 1725 in
1087 1666 1186 1723 Satiris
1213 1668 1420 1739 descripsisset,
1444 1684 1494 1720 uon

311 1742 369 1806 est;
397 1736 447 1793 ubi
472 1754 533 1793 cum
560 1756 618 1793 non
646 1743 720 1793 esset
745 1742 883 1809 receptus,
933 1740 1028 1809 potuit
1046 1756 1063 1793 e
1080 1756 1109 1793 se
1127 1739 1289 1808 impetrare,
1317 1739 1381 1808 quin
1405 1739 1432 1791 in
1449 1738 1493 1791 huc

310 1807 465 1864 Tarentum
482 1826 596 1866 cursum
614 1811 725 1868 direxit.
744 1810 802 1865 lem
820 1828 885 1867 oum
933 1828 1043 1881 quoque
1072 1826 1102 1863 re
1128 1826 1191 1865 eum
1216 1809 1414 1876 aemularetur,
1438 1825 1494 1862 cum

309 1880 380 1933 ulter
407 1881 527 1935 alterum
555 1882 683 1948 timeret,
713 1882 804 1951 primo
831 1898 884 1951 per
931 1880 1098 1952 praesertim
1128 1899 1241 1950 sperare
1268 1886 1364 1951 posset
1389 1880 1445 1935 fore
1466 1882 1495 1931 ut

308 1952 555 2024 umioossgebeut,
575 1953 677 2008 deinde
689 1954 883 2008 intercedente
933 1954 992 2008 eius
1011 1952 1170 2023 exemplum
1189 1957 1219 2009 et
1235 1952 1321 2007 rebus
1339 1950 1494 2007 storstioue

308 2021 423 2077 Octeviu
451 2024 505 2094 ipsi
530 2041 618 2107 prope
639 2024 790 2079 Terentino
818 2042 883 2079 oon·
933 2028 961 2079 et
980 2042 1063 2079 versu
1080 2022 1163 2077 facile
1174 2023 1394 2094 supereretffist.
1403 2022 1422 2087 1,
1432 2025 1455 2086 4,
1463 2022 1494 2091 8).
1558 2038 1559 2041 ¹

308 2093 399 2163 gressi
427 2099 554 2149 mutuum
588 2100 663 2150 mter
690 2111 720 2150 se
747 2096 881 2149 auxilium
932 2096 990 2149 lter
1000 2094 1105 2149 fectum
1116 2110 1176 2149 esse
1187 2112 1273 2149 veruo
1284 2100 1411 2164 tempore
1420 2094 1494 2149 docet

307 2166 510 2289 promiserunt:
552 2164 721 2224 Octavianus
757 2167 881 2230 Antonio
931 2166 1068 2236 imprimis
1086 2183 1183 2221 versus
1196 2168 1237 2230 14,
1256 2184 1321 2221 cum
1338 2184 1393 2235 quo
1411 2164 1494 2219 conie-

328 2253 378 2290 uss
402 2236 527 2307 legiones
553 2237 664 2292 Italicus
687 2242 787 2292 contre
813 2238 880 2292 Par·
928 2243 1027 2292 rentur
1044 2254 1087 2291 vv.
1101 2240 1134 2290 72
1153 2242 1182 2291 et
1200 2239 1248 2306 81;
1276 2254 1363 2307 quare
1382 2237 1440 2291 veri
1456 2236 1492 2289 vi·

306 2306 380 2375 thos,
414 2308 553 2362 Antonius
581 2309 733 2364 Octauiano
764 2314 878 2363 centum
928 2308 1011 2363 detur
1029 2308 1119 2363 simile
1138 2308 1237 2363 eodem
1255 2306 1493 2367 suuoetismscri·
1558 2322 1559 2367 ᾗ

307 2395 392 2432 neves
411 2384 510 2434 contre
526 2380 696 2449 Pompeium.
715 2380 807 2435 Amici
827 2398 878 2451 per
928 2384 1005 2450 ptum
1023 2397 1083 2435 esse
1102 2378 1174 2434 hunc
1195 2380 1322 2435 sutirum.

649 2516 775 2583 Tubulo
796 2516 923 2583 itineris
946 2513 1157 2583 Brundusini.

969 2729 1047 2856 ἓξὲξ*
1120 2729 1221 2874 &¹33
1252 2763 1357 2818 Versus

504 3035 529 3087 l.
595 3032 691 3088 Ariciu
1242 2952 1246 3058 i

501 3107 526 3158 2.
593 3103 699 3160 Forum
718 3105 805 3175 Appii

501 3177 525 3231 d
593 3175 747 3231 Terracina

500 3249 526 3300 4.
592 3245 722 3302 Formiae

499 3321 525 3374 5.
591 3317 696 3373 Villulu
736 3317 772 3373 ud
810 3320 889 3389 pout.

629 3389 725 3459 Csmp.

498 3461 523 3516 ⁶‹
592 3460 744 3544 capue„

498 3535 524 3656 t:
563 3531 786 3686 *trouu

462 3676 522 3751 .9·
590 3673 664 3729 Vrlls
692 3691 781 3747 propo
807 3673 895 3730 Trivi-

625 3764 690 3800 cum

481 3818 523 3871 10.
590 3816 776 3887 oppidulum,
819 3817 894 3886 quod

625 3905 708 3943 versu
727 3887 823 3942 dicere
839 3905 896 3942 non

483 2761 551 2818 Dies
717 2764 786 2821 Loci

624 3963 668 4014 est
684 3959 861 4030 (Asculum)
993 3959 1028 4010 24

481 4031 523 4084 11.
609 4029 758 4086 Genusium

931 4101 977 4174 (ab
993 4099 1081 4156 Ascu-

990 4171 1029 4240 lo)

480 4246 521 4298 lu.
588 4242 663 4300 Rubi
994 4245 1029 4300 ³0

480 4319 523 4372 18.
586 4315 702 4377 Barium
993 4317 1027 4369 22

381 4457 385 4461 ι
480 4389 522 4442 14.
588 4385 712 4459 Egnatio
993 4389 1027 4442 37

480 4461 522 4516 15.
587 4456 776 4516 Brundusium
992 4460 1027 4512 44

973 4599 1025 4653 eor
1123 4595 1192 4666 ιιι,
1226 4667 1229 4676 ¹
