3125 5225
409 220 494 287 LIB.
516 222 578 288 111.
601 221 741 290 canu.
763 222 865 289 VIII.
889 223 949 290 IX.

288 405 398 483 Mitte
424 408 556 484 civiles
581 435 697 508 super
723 411 819 484 urbe
846 435 973 484 curus:

285 528 438 608 Occidit
461 534 556 609 Daci
583 535 774 611 Cotisonis
802 561 952 634 agmen,

288 657 426 732 Medus
450 658 612 734 infestus
638 659 712 734 eibi
737 659 919 734 luctuosis

240 811 268 850 ιο
383 783 550 859 Dissidet
576 786 702 880 armis,

281 927 408 1004 Ser-vit
433 931 631 1028 Hispanae
655 944 763 1006 vetus
790 932 908 1007 hostis
936 957 1026 1006 orae

283 1053 476 1130 Cantaber
503 1079 589 1130 sera
614 1053 781 1128 domitus
807 1067 952 1146 catena,

281 1177 366 1253 Iam
393 1179 556 1279 Scythae
578 1179 665 1254 laxo
694 1179 931 1255 meditantur
957 1207 1048 1254 arcu
1083 1262 1093 1280 .

382 1303 530 1382 Cedere
556 1305 712 1402 campis.

237 1487 264 1525 e
280 1451 493 1552 Negligens
518 1479 568 1529 ne
593 1481 671 1554 qua
695 1454 862 1554 populus
884 1454 1034 1532 laboret

279 1577 402 1653 Parce
427 1579 598 1676 privatus
623 1579 787 1654 nimium
812 1605 964 1674 cavere3

282 1703 396 1778 Dona
420 1704 628 1801 praesentis
653 1729 747 1801 cape
771 1703 893 1778 laeuis
919 1704 1047 1802 horae,
1140 1752 1146 1766 ι

381 1827 533 1928 Linque
558 1853 701 1904 severa.

536 2216 726 2304 Osnunn
757 2219 826 2305 IX.

222 2383 359 2456 Donec
383 2391 516 2480 gratus
543 2408 647 2458 erem
673 2382 744 2456 tibi

328 2503 411 2580 Nec
437 2503 640 2604 quiequam
665 2506 795 2605 potior
821 2506 977 2582 brachie
1004 2507 1190 2582 candidae

90 2718 135 2769 qus
151 2720 182 2757 re
205 2703 250 2757 hia
278 2702 375 2757 verbis
394 2702 515 2757 Romani
541 2703 659 2757 uteban·
708 2708 786 2757 tuum
826 2720 882 2773 qua
919 2704 1080 2775 gaudebant
1122 2702 1282 2759 amicitiem.

89 2779 139 2827 tur:
164 2779 228 2830 lm
248 2788 276 2829 re
298 2775 346 2829 vel
364 2779 427 2829 tens
445 2778 503 2828 ts'ls'.
540 2774 657 2828 Centum
708 2774 870 2829 Praefectus
890 2777 953 2830 urbi
973 2777 1121 2831 Maecenas
1139 2792 1194 2829 non
1219 2775 1282 2840 fnit,

89 2849 169 2898 utem
185 2862 325 2900 numerus
342 2845 390 2900 hic
408 2848 453 2898 est
469 2844 603 2899 infinitus.
622 2874 657 2885 -
707 2862 799 2915 neque
821 2849 890 2901 tunc
915 2864 1004 2916 neque
1030 2853 1105 2903 ante.
1151 2847 1222 2909 Nam
1246 2862 1282 2900 ne

90 2918 149 2969 uua
166 2916 322 2987 Cotisonis]
346 2914 390 2970 De
416 2916 470 2971 hoc
487 2916 657 2985 reliquisque
708 2934 743 2971 eo
761 2916 874 2986 quidem
892 2920 1029 2989 tempore,
1049 2935 1103 2989 quo
1113 2918 1282 2973 Octavianus

88 2987 159 3041 rebus
183 2988 221 3042 ad
239 2988 402 3043 Romanam
425 2988 572 3041 historiam
593 3004 657 3057 per·
708 2988 745 3043 sd
763 2988 869 3043 bellum
881 2990 1028 3044 Actiacum
1047 2990 1189 3061 profectus
1211 2993 1281 3051 erat,

89 3057 233 3114 liuentibus
253 3059 323 3114 vide
344 3060 382 3113 ad
400 3057 586 3127 Cerm.ll,13.
605 3060 657 3113 Co·
707 3060 899 3115 Maecenatem
920 3080 986 3115 vere
1015 3062 1188 3131 praefectum
1217 3060 1282 3114 urbi

88 3130 133 3183 tiso
158 3148 208 3185 rex
233 3132 381 3185 Dacorum
407 3130 469 3185 fuit.
489 3160 523 3169 -
541 3136 656 3198 insertus
708 3130 795 3187 fuisse
819 3132 891 3185 bene
916 3133 988 3187 vidit
1010 3132 1151 3187 Hoeckius
1178 3132 1282 3199 (Remi-

88 3203 131 3251 u’ls’
150 3203 299 3273 luctuosis]
313 3202 360 3255 En
382 3200 483 3255 iterum
500 3202 658 3272 exemplum
708 3204 775 3257 sche
803 3202 980 3271 Geschichte)
1008 3204 1040 3273 Τ,
1059 3204 1079 3257 Ι.
1112 3222 1139 3275 p.
1159 3207 1219 3258 312.
1247 3232 1281 3243 —

88 3273 294 3328 constructionis
324 3268 495 3327 euaserat
518 3290 588 3341 quse
613 3291 656 3327 ec·
708 3274 786 3399 cape]
816 3274 931 3329 Codices
950 3276 1034 3329 etiam
1051 3296 1118 3346 rape
1137 3276 1282 3344 praebent,

88 3341 120 3394 let
134 3346 235 3398 soceri.
256 3344 317 3399 Est
332 3346 408 3398 enim
425 3344 525 3398 Medus
543 3348 596 3399 stts‘
614 3344 657 3397 in·
708 3362 764 3415 quo

88 3411 161 3467 lectus
186 3416 276 3469 armis
309 3420 364 3469 siti
392 3415 536 3469 luctuosis.
584 3414 657 3469 Nam
707 3419 802 3471 venies
830 3434 894 3471 cum
921 3436 977 3473 non
1002 3418 1200 3488 cupiditatem,
1233 3416 1282 3471 sed

87 3484 149 3551 quod
169 3487 218 3540 alii
246 3488 404 3542 voluerunt
423 3490 513 3541 lledm
540 3491 655 3555 Infestus
707 3506 789 3542 usum
818 3492 973 3559 praesentis
1011 3490 1135 3544 laetitiae
1171 3488 1282 3543 suaderi

87 3558 210 3627 Romu,
228 3558 267 3611 id·
279 3575 348 3612 cum
366 3558 403 3613 ab
420 3557 472 3612 hoc
491 3560 570 3612 certe
592 3558 655 3613 loco
706 3560 887 3615 intellexeris.
907 3591 941 3601 -
957 3561 1051 3631 horos]
1079 3561 1137 3614 Alii
1154 3564 1238 3616 toros
1256 3572 1281 3615 et

87 3624 192 3683 ahenum
212 3630 359 3695 rideatur,
384 3634 444 3683 tum
463 3627 511 3683 vix
529 3647 563 3685 ex
580 3628 657 3684 adie-
706 3632 752 3686 vel
771 3652 819 3698 σος
840 3635 990 3703 utrumque
1008 3632 1118 3686 falsum.
1156 3630 1281 3701 Asynde·

86 3700 149 3753 etim
185 3702 321 3756 absolute
356 3700 449 3769 posito
478 3700 655 3772 intelligitur.
706 3708 757 3757 ton
774 3702 887 3774 optimis
905 3702 1049 3759 codicibus
1067 3705 1213 3773 probatur.

87 3766 223 3826 Praeterea
240 3790 279 3827 ne
307 3788 371 3825 cum
397 3771 512 3826 Heinsio
535 3777 565 3825 et
586 3772 657 3827 Ben-

87 3838 144 3895 lieio
171 3848 285 3913 infestis
324 3874 357 3882 —
377 3846 513 3897 luctuosus
550 3844 657 3898 scribae
891 3817 1038 3872 carmen
1056 3816 1103 3869 IX·

88 3919 152 3966 uetat
166 3913 419 3969 homoeoteleuton
439 3931 455 3968 a
477 3915 570 3983 poetis
593 3914 656 3968 lati·
747 3910 939 3966 Dramaticum
964 3915 993 3965 et
1018 3912 1199 3965 amoebaeum
1228 3909 1281 3964 hoc

87 3982 121 4034 uis
138 4002 313 4056 magnopere
340 3984 509 4039 muratum.
532 4016 563 4024 -
585 3991 655 4040 Cas·
706 3999 820 4037 carmen
843 3984 917 4037 inter
941 3982 1079 4037 amatoria
1098 3982 1158 4037 lere
1180 3980 1281 4035 dulcis·

89 4057 162 4125 ruat
191 4057 227 4112 ct'⁴
255 4057 352 4111 Csnn
362 4056 396 4120 11,
405 4059 431 4119 6,
441 4060 466 4111 2.
501 4056 548 4121 lv,
559 4058 600 4120 14,
610 4060 654 4111 41.
706 4055 805 4108 simum
824 4054 853 4108 in
870 4060 928 4109 tres
947 4055 1076 4124 aequales
1093 4058 1189 4123 partes
1199 4052 1280 4107 facile

89 4120 130 4192 Ep.
143 4126 163 4192 l,
176 4132 218 4196 12,
228 4131 277 4184 26.
296 4158 334 4168 -
353 4126 478 4198 Scythae]
510 4127 546 4183 ci.
564 4128 654 4183 Germ.
706 4125 793 4179 dividi
818 4128 997 4197 perspicuum
1021 4131 1074 4179 est.
1122 4126 1162 4178 Ac
1190 4125 1281 4193 prima

89 4192 250 4270 ll‚a,23uq.
282 4228 319 4238 -
344 4200 479 4279 privatus]
507 4198 574 4254 Cum
598 4199 654 4269 pri-
706 4196 818 4266 quidem
836 4215 903 4267 pars
923 4198 1055 4267 (str.l.2)
1074 4197 1133 4250 irae
1152 4213 1207 4265 qus
1223 4194 1280 4249 Ho-

91 4272 220 4324 retussis.
255 4270 325 4326 Non
343 4274 403 4323 tarn
420 4268 562 4324 indicatur
579 4270 655 4324 Mae·
704 4268 793 4322 ratius
818 4276 846 4323 et
864 4269 953 4338 Lydia
975 4268 1172 4323 distrahuntur
1195 4267 1281 4335 origi·

91 4341 168 4393 cenati
201 4343 300 4397 ublico
319 4357 438 4394 munere
454 4358 509 4395 non
526 4342 655 4411 fungenti
704 4358 770 4394 nem
791 4342 924 4405 ostendit,
951 4340 1041 4393 altera
1057 4339 1200 4407 (steht),
1225 4354 1281 4407 qua

93 4360 226 4468 mittendus
235 4430 300 4468 esse
320 4412 451 4482 publicas
465 4430 553 4478 curas,
571 4431 654 4483 quam
705 4412 770 4480 qrrid
796 4412 887 4466 rixam
914 4412 1068 4465 amantium
1091 4414 1217 4493 secutum
1242 4410 1281 4463 sit

94 4481 318 4548 selleHoratium‚
336 4487 371 4537 ut
392 4483 497 4537 amicus
514 4489 593 4539 tutus
617 4485 654 4539 sit
705 4484 872 4547 ostenditur,
909 4483 1038 4552 apposite
1071 4483 1209 4535 transitur
1244 4481 1280 4534 ad

94 4554 154 4619 aput
171 4572 207 4622 se,
233 4563 268 4610 nt
294 4554 368 4609 nihil
395 4554 502 4622 cogitet
522 4556 578 4611 nist
594 4574 653 4609 rnu-
704 4554 959 4610 reconciliationem
978 4554 1088 4624 gratiae
1106 4556 1135 4606 et
1162 4552 1279 4621 amoris;

803 3362 855 3400 cur
874 3364 930 3400 non
949 3349 985 3401 sit
1012 3346 1212 3417 recipiendum,
1240 3346 1282 3400 in·
