3125 5225
616 907 659 1011 Q.
691 905 913 992 HORA'I'II
940 901 1131 990 unicui

440 1058 1319 1206 urlsuonuuom

707 1309 845 1378 LIBER
864 1308 1048 1378 PRIMUS.
1133 1387 1137 1393 ¹

735 1647 964 1733 Eurorum
994 1647 1028 1732 I.

327 1811 458 1887 Prima
484 1811 585 1886 dicte
609 1812 716 1908 mihi,
743 1836 893 1907 summa
917 1812 1081 1887 dicende
1106 1813 1286 1905 Camena,

325 1935 546 2034 Spectatum
572 1937 661 2012 setis
685 1949 725 2013 et
750 1937 936 2012 donatum
958 1937 1035 2012 iam
1060 1935 1158 2012 rude
1184 1935 1348 2035 quaeris,

457 2145 673 2220 ¹³⁹²⁸i⁰¹²i
900 2128 1119 2256 illinit
1137 2126 1477 2272 ἔὲοέἒῗέζὲῗὲἶῗξῖ

314 2269 408 2326 Edilis
426 2269 518 2324 tribus
536 2268 691 2323 carminum
705 2265 787 2322 libris
795 2265 851 2322 Ηο-
901 2273 939 2327 lis
951 2273 1031 2342 qussi
1043 2271 1182 2342 quendum
1192 2286 1318 2338 messem,
1333 2275 1366 2326 nt
1386 2270 1475 2342 quivis

279 2343 368 2396 relius
390 2357 518 2412 magnam
534 2341 587 2395 ibi
599 2340 719 2396 nominis
732 2339 851 2410 glorium
901 2344 999 2414 quovis
1024 2348 1151 2414 tempore
1176 2346 1227 2398 sul
1254 2341 1475 2397 consolationem

277 2418 439 2484 putaverat:
475 2429 511 2468 ex
546 2428 600 2481 quo
630 2416 757 2482 tempore
788 2429 852 2466 cum
901 2415 1038 2469 melorum
1057 2422 1106 2470 eut
1125 2415 1371 2484 perturbationum
1391 2413 1476 2469 enimi

278 2484 372 2554 plures
409 2484 474 2537 enni
518 2481 705 2548 transiissent,
751 2482 851 2552 quibus
902 2485 1072 2540 sedationem
1091 2485 1158 2540 dum
1175 2484 1245 2540 velit
1262 2485 1353 2556 possit
1372 2483 1414 2540 ibi
1434 2501 1476 2537 re·

279 2555 420 2608 Romanae
439 2555 516 2625 lyrec
533 2551 636 2608 fidicen
654 2551 724 2608 nihil
747 2553 784 2607 cd
807 2569 851 2608 su·
900 2556 1007 2629 perire:
1037 2557 1067 2612 in
1091 2572 1148 2627 qus
1170 2557 1282 2627 quidem
1308 2555 1398 2611 enimi
1415 2571 1475 2628 per·

278 2626 455 2681 stentendem
466 2626 654 2697 eugendemvc
666 2624 775 2680 laudem
787 2626 854 2680 novi
901 2628 1010 2684 turbsti
1025 2628 1169 2684 sedatione
1181 2628 1350 2699 principium
1358 2642 1475 2681 cernen-

277 2696 437 2785 addimur,
456 2715 527 2753 uuus
549 2713 614 2753 sune
632 2715 691 2781 non
704 2696 758 2751 fuit
776 2696 851 2752 Mee-
902 2699 968 2754 dum
987 2716 1047 2754 esse
1065 2698 1341 2781 supientisc(r.41)3
1378 2697 1476 2754 Stulti·

277 2766 773 2896 semiermium
783 2785 852 2896 iit:
900 2770 1475 2913 iltiiilttlliqm‘llt‘ti

276 2916 360 2967 teret.
402 2912 457 2967 Sed
485 2918 628 2983 »tempore
651 2914 797 2966 mutentur
822 2913 850 2965 ct
900 2930 964 2968 nem
989 2919 1020 2968 et
1040 2913 1210 2969 desiderium
1234 2912 1391 2970 coercendo
1414 2928 1475 2967 csse

276 2999 327 3039 nos
345 2986 485 3039 mutamur
502 2984 532 3037 in
555 2983 626 3039 iliis«
654 2998 744 3052 neque
770 2998 851 3051 quse·
901 2984 938 3039 cd
955 3002 989 3040 ec
1008 3000 1080 3055 quse
1098 3000 1163 3041 scre
1181 2986 1257 3042 bons
1273 2985 1331 3040 sint
1348 2981 1377 3039 ir.
1396 3000 1421 3040 e.
1439 2982 1474 3037 ed

276 3056 318 3111 vis
347 3060 423 3110 sctns
450 3060 499 3109 sut
522 3055 612 3125 quivis
636 3054 744 3109 enimus
768 3059 850 3123 aptus
900 3055 1033 3111 virtutem
1053 3058 1126 3128 (52);
1153 3072 1321 3127 quamquem
1346 3054 1473 3112 homines

277 3130 322 3181 cst
340 3126 376 3181 cti
390 3126 589 3197 componendo
606 3126 694 3195 lyrica
717 3126 849 3189 carmine,
901 3127 984 3191 eliter
1001 3126 1089 3181 terme
1105 3128 1239 3193 iudicare,
1253 3126 1390 3182 virtutem
1406 3124 1474 3181 divi·

276 3198 376 3266 quibus
401 3200 568 3253 tenerrimos
593 3202 623 3251 et
650 3197 763 3250 intimos
790 3212 850 3250 sen·
900 3199 949 3253 tiis
957 3198 1135 3269 posthabere,
1154 3203 1185 3254 et
1201 3199 1230 3253 iu
1245 3197 1405 3253 hominibus
1417 3214 1472 3252 non

276 3286 323 3324 sus
344 3274 445 3338 poetee
463 3270 620 3340 exprimere
639 3267 740 3323 soient.
769 3266 850 3333 Quod
900 3270 1034 3325 virtutem
1064 3270 1114 3325 sed
1140 3286 1157 3325 o
1233 3268 1375 3325 edmirsr'c
1420 3268 1473 3335 Qu

276 3355 358 3408 quem
387 3341 424 3395 sil
452 3358 549 3397 verum
576 3339 711 3393 Horatius
739 3354 850 3407 quoque
899 3357 968 3396 vcro
985 3345 1063 3396 recte
1085 3340 1173 3397 iniel'
1231 3344 1255 3409 t,
1278 3340 1314 3394 iis
1338 3355 1473 3393 summum

276 3410 365 3465 sensit
382 3428 498 3481 cemque
516 3410 722 3465 excusationem
741 3408 849 3463 Msece·
899 3412 974 3467 vitee
990 3413 1081 3483 legem
1097 3413 1129 3466 in
1143 3412 1303 3467 innocentie
1319 3426 1390 3475 esse,
1400 3409 1472 3479 epti-

275 3482 349 3536 nstis
375 3483 582 3551 amicorumque
610 3481 781 3551 reliquorum
803 3498 850 3535 vo·
899 3500 975 3537 mum
1000 3482 1146 3538 consilium
1169 3482 1201 3536 in
1221 3482 1314 3537 enimc
1339 3479 1473 3535 sFortu·

276 3550 379 3607 lunteti
407 3554 547 3625 opposuit.
604 3552 694 3621 Quare
723 3552 790 3607 olim
819 3569 849 3605 ee
898 3571 951 3609 use
978 3554 1086 3608 incerto
1110 3552 1205 3607 iecore
1231 3552 1376 3609 liberrimo
1401 3553 1471 3621 (69);

275 3622 376 3679 iuuisse
395 3626 435 3679 sit
452 3624 665 3689 adolescentem,
693 3623 750 3677 ism
774 3640 850 3677 seve·
900 3624 1013 3681 eosdem
1029 3626 1102 3681 bene
1120 3623 1223 3680 docere
1240 3622 1386 3693 imperitus
1402 3623 1472 3677 mul·

276 3694 315 3749 ris
334 3712 363 3749 se
381 3694 537 3767 disciplinis
556 3700 585 3750 et
604 3694 703 3749 studiis
722 3693 848 3748 deditum
899 3696 1028 3751 titudinis
1047 3695 1206 3767 opinionem
1231 3696 1276 3751 vei
1300 3694 1471 3749 voluntetem

276 3782 336 3821 eum
355 3766 520 3835 conquirere
531 3784 624 3821 rerum
638 3767 755 3837 copiam,
776 3765 850 3819 unde
898 3766 1068 3837 sequendum
1085 3783 1143 3822 non
1160 3782 1231 3831 osse,
1254 3765 1385 3837 quonism
1403 3764 1471 3819 mul·

274 3836 849 3979 liminii·{irtittliliill
897 3837 1472 3980 liliilsliliuitlntii

841 3948 849 3963 ·
1237 3950 1244 3977 ι

274 3978 335 4035 Hoc
354 3980 428 4035 enim
447 3997 476 4035 se
496 3980 575 4051 sequi
595 3978 625 4034 in
648 3980 732 4034 rebus
760 3978 848 4048 philo·
898 3980 991 4051 quiin
1009 3980 1134 4035 externis
1151 3981 1235 4035 rebus
1258 3979 1304 4034 sui
1326 3978 1470 4051 negligens

277 4050 397 4121 sophicis
416 4052 572 4118 consilium,
598 4050 713 4105 cundem
734 4049 769 4104 ob
788 4066 848 4104 rem
899 4052 936 4105 sit
954 4068 1018 4106 eum
1035 4051 1172 4117 derident,
1198 4051 1247 4122 qui
1265 4050 1425 4106 inconstsns
1442 4048 1470 4102 in

275 4122 325 4177 uni
353 4122 583 4194 philosophorum
617 4120 780 4193 disciplinae
818 4137 849 4175 se
897 4124 1027 4192 petendis
1045 4123 1220 4195 fugiendisve
1237 4123 1333 4186 mnus.
1356 4138 1419 4177 enm
1436 4136 1470 4174 ne

274 4210 331 4248 non
348 4194 492 4249 addictum
510 4212 571 4250 esse
590 4194 639 4249 sed
663 4192 849 4261 undecunque
897 4194 1041 4265 vituperet
1070 4194 1192 4265 quidem.
1244 4191 1337 4260 Qusrc
1361 4192 1470 4248 verissi-

274 4262 335 4319 fieri
354 4266 445 4334 possit
467 4267 573 4337 optimc
601 4280 725 4333 quaeque
749 4267 778 4317 ct
802 4280 846 4318 ve·
897 4280 974 4319 mum
1001 4282 1061 4322 csse
1085 4266 1155 4321 illud
1172 4264 1339 4333 Stoicorum,
1364 4263 1470 4333 sepien-

275 4335 386 4392 rissimc
403 4336 536 4407 colligere
554 4336 591 4401 (v.
604 4338 656 4404 19).
691 4334 723 4389 in
742 4349 799 4404 qus
816 4350 846 4389 re
897 4341 955 4393 tem
975 4355 1061 4393 unum
1080 4351 1143 4392 esse
1162 4352 1267 4406 regem,
1285 4352 1371 4389 unum
1384 4333 1470 4389 omui·

274 4424 338 4463 cum
363 4407 560 4463 ardentissimo
591 4404 685 4460 studio
714 4407 744 4459 et
768 4404 847 4461 imic-
895 4409 947 4465 bus
957 4406 1194 4479 rereexpcteudis
1203 4407 1286 4462 rebus
1296 4408 1469 4461 exomstum.

273 4478 347 4533 fesso
366 4480 457 4535 animo
482 4480 617 4543 elchesei,
641 4480 737 4530 temen
760 4474 847 4531 heud-
895 4476 1470 4551 Euhcbescrgnmentumepistoiuqusm

275 4566 414 4619 qucquam
437 4568 467 4605 se
490 4549 606 4613 nescire,
633 4564 690 4601 non
718 4546 846 4603 omuibus
895 4550 917 4605 1.
936 4551 1037 4607 Ceeser
1055 4549 1191 4621 Scaliger,
1216 4547 1328 4603 floretii
1346 4546 1395 4603 ille
1411 4547 1469 4617 qui·

274 4620 311 4681 su
328 4636 463 4675 summum
480 4620 630 4677 escendere
648 4616 793 4690 festigium
805 4636 847 4675 sc·
894 4620 959 4675 dem
975 4640 1033 4677 non
1050 4636 1149 4679 coecus
1160 4619 1297 4688 hudstor,
1310 4618 1351 4675 sic
1362 4618 1470 4689 proedi-
