3125 5225
450 252 514 321 DE
534 250 657 320 ARTE
679 250 891 321 POETIGA.

132 440 277 540 Pythias
303 452 480 516 emuncto
506 439 655 515 lucrata
680 439 837 517 Simone
861 438 1057 536 talentum,

132 564 189 640 An
213 577 339 641 cuatoa
364 564 611 663 famulaeque
639 562 704 640 dei
729 564 881 642 Silenus
904 564 1060 639 alumni.
1189 658 1192 661 Ι

87 689 182 764 aar
204 704 295 766 noto
317 690 447 765 fictum
473 714 628 765 carmen
652 673 803 789 sequar,
830 701 872 765 ut
897 689 971 765 eibi
999 689 1123 789 quivis

129 812 255 912 Sperat
278 811 394 908 idem,
420 810 533 887 audet
557 812 722 888 multum
748 812 967 913 frustraque
989 811 1141 889 laboret

131 935 251 1045 Anaua
274 936 399 1012 idem:
426 948 574 1014 tantum
599 937 717 1013 aeriea
741 938 995 1037 iuncturaque
1022 937 1151 1035 pollet,

128 1060 287 1137 Tantum
313 1060 514 1137 demedio
541 1062 700 1161 sumptis
726 1062 875 1139 aceedit
900 1061 1068 1139 honoris.

114 1183 237 1261 *Silvia
263 1185 419 1261 deducti
444 1200 605 1261 caveant
626 1212 689 1262 me
713 1186 844 1263 iudice
868 1186 1002 1284 Fauni,

86 1308 180 1384 aoNc
203 1309 309 1387 velut
333 1309 454 1415 innati
479 1311 602 1387 triviis
629 1336 674 1387 ac
698 1337 823 1410 paene
849 1312 1022 1387 forenses

128 1433 203 1511 Aut
226 1436 388 1510 nimium
415 1436 556 1511 teneris
581 1434 810 1512 iuvenentur
836 1435 1009 1511 versibus
1036 1420 1206 1535 uniquam

127 1556 202 1633 Aut
220 1557 422 1635 immunda
445 1571 603 1656 crepent
627 1559 962 1658 ignominiosaque
989 1558 1111 1635 dicta:

127 1681 383 1759 Offenduntur
415 1684 517 1758 enim
545 1684 683 1783 quibua
709 1696 765 1759 eat
791 1708 912 1783 equus
939 1697 977 1759 et
1000 1698 1109 1782 pater
1132 1698 1170 1761 ct
1195 1712 1265 1782 rea,

126 1809 202 1885 Nec
227 1810 261 1885 ai
286 1808 380 1908 quid
407 1808 508 1885 fricti
533 1808 665 1885 ciceris
690 1810 831 1907 probat
857 1821 894 1884 et
918 1810 1025 1886 nucb
1052 1822 1213 1909 emptor,

82 1932 268 2035 aerquia
293 1933 486 2032 accipiunt
509 1930 647 2009 animia
674 1933 867 2010 donantve
894 1959 1047 2012 corona.
1106 1983 1108 1987 -

126 2058 282 2159 Syllaba
303 2058 424 2157 longa
447 2058 556 2135 brevi
581 2058 752 2135 subiecta
778 2071 934 2135 vocatur
958 2060 1122 2153 iambus,

82 2254 278 2310 consultam
298 2256 397 2319 utitur,
414 2255 490 2324 qnod
510 2259 652 2327 cumptum
699 2254 832 2326 gentibus
849 2254 995 2311 iuvenibus
1012 2256 1127 2311 nimiam
1142 2254 1275 2313 affectent
1329 2288 1332 2295 ι

81 2329 118 2378 aat
134 2342 167 2380 ex
184 2326 262 2381 dialo
283 2345 301 2380 o
324 2326 445 2395 comic03
462 2343 515 2396 pro
532 2334 650 2395 privare,
699 2326 881 2381 teneritatem
909 2342 941 2380 ac
963 2326 1109 2382 mollitiam
1134 2328 1275 2397 quandam

80 2398 202 2468 decipere.
275 2402 364 2452 erent.
382 2396 493 2452 Pborm.
507 2397 554 2461 lv,
572 2400 599 2463 4,
622 2402 649 2452 l:
700 2397 812 2469 dicendi
826 2403 876 2451 aut
886 2414 951 2452 cnm
961 2400 1102 2469 comptis
1115 2398 1274 2455 horninibua

82 2466 455 2539 ›ammxiargeneosenee‹
474 2463 651 2541 ἆπομῶσσειν
700 2469 844 2523 immunda
855 2474 980 2538 crepent.
1000 2474 1091 2525 lanati
1106 2476 1196 2525 arteria
1209 2476 1275 2525 aunt

80 2537 110 2592 (le
128 2557 181 2609 quo
200 2540 267 2595 ride
287 2540 407 2595 Paaaow.
418 2540 472 2595 lex.
488 2558 511 2595 a
520 2558 547 2597 v.
565 2572 591 2583 -
605 2562 650 2595 ea·
700 2541 802 2595 urbani
813 2541 946 2604 homines,
959 2540 1010 2595 aed
1022 2556 1085 2595 cum
1098 2542 1192 2611 aliquo
1210 2558 1275 2597 con·

81 2612 139 2680 ater]
156 2612 241 2668 Diod.
258 2613 312 2668 Sic.
330 2609 380 2680 IV,
394 2616 424 2667 t:
447 2619 537 2684 ιφασὶ
554 2613 585 2667 rr
605 2616 652 2666 aet
700 2617 811 2683 tempta
823 2614 996 2682 dictumeat3
1006 2629 1275 2682 aequaveroomnaa

83 2682 259 2755 antemio
277 2688 325 2738 aet
346 2689 452 2756 τροφέα
480 2690 651 2740 συνέπεσθαι
701 2685 748 2754 qni
766 2689 833 2739 eunt
850 2685 880 2738 in
897 2685 967 2739 arbe
981 2684 1274 2750 caesareanorum,

80 2749 650 2898 Ptttttttttt'tttftlltt
699 2773 765 2881 tt
780 2755 1275 2898 tt'ss'tttmittttlttstt

79 2912 108 2949 ac
131 2900 214 2954 colito
247 2899 359 2955 dicendi
388 2917 491 2970 genere
518 2905 589 2965 utar,
618 2903 652 2953 ut
698 2898 820 2966 ideoque
839 2899 972 2953 urbanam
998 2899 1136 2955 rationem
1163 2899 1275 2955 dicendi

79 2969 160 3036 qniria
189 2969 267 3026 idem
301 2987 331 3026 aa
358 2987 442 3039 pocae
469 2978 574 3041 speret.
604 2987 651 3024 re·
699 2970 850 3039 diligenter
874 2972 1066 3025 observarunt.
1092 3001 1124 3012 -
1150 2977 1276 3030 taceare·

77 3047 239 3104 tamtamen,
257 3041 282 3096 ai
337 3042 457 3097 riculum
474 3043 567 3108 faciat,
580 3041 651 3096 mul·
701 3043 755 3110 aar]
784 3037 858 3102 ἅπαξ
882 3037 1034 3112 λεγόμενον
1061 3041 1212 3098 formatam
1238 3041 1275 3097 ad

77 3112 131 3166 tum
149 3113 277 3169 laborem
304 3117 399 3168 ruatra
415 3115 572 3184 impendat3
590 3120 651 3168 tan·
699 3112 837 3167 Graecum
855 3107 1050 3170 νεανιεύεσθαι.
1074 3111 1118 3168 De
1136 3114 1276 3184 elegantia

78 3187 134 3237 tum
150 3184 229 3240 valet
247 3185 332 3240 aeriea
350 3188 379 3238 et
399 3185 531 3240 iunctura
555 3184 602 3251 (cf.
622 3202 649 3239 v.
700 3183 832 3239 dictionis
849 3184 973 3254 positum
992 3189 1044 3240 eat.
1063 3213 1097 3224 -
1119 3185 1211 3256 equus]
1230 3185 1275 3240 ln·

78 3254 118 3322 48)
144 3258 306 3320 verborum,
336 3273 391 3325 qua
413 3257 537 3326 vulgaria
566 3255 651 3311 etiam
699 3254 831 3311 dicantur
850 3262 959 3324 equites,
977 3260 1097 3328 ingenui,
1118 3259 1276 3328 locupletes,

80 3328 211 3383 aarrnonia
229 3332 357 3398 potaataa
376 3329 406 3381 et
420 3327 511 3382 honor
537 3345 582 3381 ma
622 3344 651 3380 o·
699 3342 795 3382 omnes
814 3326 927 3382 omnino
945 3326 993 3398 qni
1019 3326 1125 3396 aliquid
1151 3327 1276 3382 sentiunt

82 3413 143 3465 pera
162 3399 263 3470 angeri
278 3401 382 3468 poteat.
424 3398 464 3453 Et
488 3399 560 3453 bene
613 3399 650 3452 ie·
698 3397 857 3452 inhaere.
877 3397 1016 3468 -purerl
1048 3397 1120 3452 servi
1147 3399 1220 3454 enirn
1247 3403 1276 3453 et

81 3467 198 3524 landino:
220 3467 321 3525 »Dicae
332 3469 418 3524 Stelle
435 3470 473 3524 iat
484 3469 549 3524 aebr
560 3468 652 3523 merk-
699 3468 797 3523 liberti
814 3466 892 3522 nullo
909 3475 991 3538 patre
1009 3469 1069 3524 nati
1092 3469 1275 3526 habebantur.

76 3541 187 3611 omnig.
242 3541 289 3594 Sia
306 3540 416 3597 anthalt
430 3542 496 3596 eina
513 3557 568 3595 von
596 3541 651 3595 den
700 3571 734 3582 -
761 3539 887 3664 οἰωνιἿΞ
899 3541 988 3610 δῆμος
1013 3560 1118 3614 aucant
1137 3536 1173 3601 cii
1202 3541 1278 3612 apud

77 3626 188 3678 masan
203 3613 360 3682 Myrterien
387 3613 439 3666 der
462 3613 563 3677 Kunat,
587 3612 651 3666 wel·
699 3611 845 3680 Ariatoph.
889 3613 957 3681 quit.
977 3615 1020 3670 41.
1063 3611 1100 3668 cf.
1119 3561 1176 3668 gat.
1196 3613 1231 3678 ll,
1250 3617 1276 3677 8,

76 3681 122 3738 aba
152 3684 288 3740 Horatiua
324 3701 395 3756 gana
432 3683 650 3738 ruveraichtlich
703 3687 761 3738 lea.
805 3682 935 3738 Ceterum
964 3700 1059 3739 omnen
1085 3685 1166 3740 codd.
1193 3686 1276 3754 Cruq.

75 3755 279 3811 aamchwataen
303 3755 407 3820 durite,
435 3754 507 3810 ohne
534 3755 653 3818 Furclrt5
699 3753 843 3810 habebant
868 3760 955 3824 fricti,
985 3773 1042 3810 non
1068 3760 1163 3825 fratri,
1191 3758 1277 3826 quod,

76 3823 134 3880 daca
151 3843 183 3882 ar
208 3827 264 3882 den
288 3821 419 3898 ἀμυήτοις
445 3833 530 3881 etwaa
554 3843 650 3882 verra·
700 3825 811 3882 etiamsi
829 3825 859 3879 in
878 3826 991 3896 optimis
1010 3825 1105 3882 Orellii
1124 3827 1205 3884 codd.
1224 3833 1274 3891 eat,

76 3895 138 3952 tben
157 3899 394 3954 babeo-auam
417 3897 496 3968 trem]
515 3899 649 3954 Conaulto
699 3897 769 3952 farri
786 3897 893 3967 nequit.

77 3966 139 4025 haec
158 3972 249 4026 verba
272 3970 301 4024 in
324 3969 407 4024 initio
432 3985 530 4023 veraua
556 3969 650 4039 potita
735 3968 767 4024 V.
780 3971 842 4026 251.
877 3972 910 4024 la
932 3973 1035 4040 satalia
1053 3971 1200 4025 scribendis
1220 3991 1277 4024 rac-

76 4046 143 4106 ont,
174 4045 207 4095 nt
232 4041 312 4110 quari
335 4045 446 4096 certent
471 4056 536 4095 eum
550 4041 650 4111 primia
699 4060 754 4113 qna
781 4061 849 4094 cara
885 4043 1009 4096 necanda
1047 4053 1087 4096 ert
1123 4045 1205 4095 erton
1233 4045 1277 4096 rei

76 4113 165 4168 rerbia
192 4112 393 4184 praecedentia
420 4129 527 4166 verena.
556 4143 587 4151 -
618 4116 650 4166 de
700 4115 842 4180 metricam
869 4131 952 4181 quare
981 4117 1038 4182 ectr
1062 4123 1140 4182 poeta
1168 4113 1200 4166 de
1226 4118 1276 4166 ert·

75 4187 156 4238 nodio
174 4183 302 4255 aenaria]
319 4183 482 4252 notissimis,
512 4200 583 4253 quae
600 4199 650 4253 po·
699 4194 795 4247 nerra,
826 4187 886 4237 dam
917 4185 990 4254 leger
1018 4187 1075 4236 einr
1100 4185 1215 4238 oateacla't
1233 4204 1278 4238 ae-

74 4257 177 4310 nnntur
194 4258 296 4311 contra
313 4255 462 4325 exquisite.
483 4285 512 4294 -
530 4253 648 4326 deducti]
701 4257 911 4326 dicentiumque
934 4268 1051 4308 ceteram
1078 4266 1217 4325 poetaram
1238 4258 1276 4310 la-

73 4324 100 4378 in
117 4343 239 4383 acerram.
277 4324 368 4381 Fanni
384 4327 412 4381 h.
432 4325 451 4383 l.
469 4326 555 4381 iidem
585 4329 651 4380 aunt
703 4331 820 4381 tinorum
840 4335 925 4380 arctat.
947 4327 1007 4380 Tum
1023 4328 1188 4380 commendat
1200 4347 1278 4396 arae·

75 4397 119 4463 qni
138 4398 241 4468 Satyri
259 4427 293 4440 —
313 4404 403 4454 innati
421 4397 523 4469 trinita]
551 4396 650 4462 Fanni,
701 4417 735 4451 ea
763 4398 941 4468 exemplaria,
969 4399 1152 4467 Graeciaeque
1177 4417 1278 4454 omnem

74 4467 352 4598 {atatim
371 4474 651 4598 trtntt‘trtt
701 4469 821 4596 {titt
848 4471 950 4594 ‘ttt‘
964 4470 1276 4609 attttttatttt'

823 4579 831 4605 ‚
1269 4569 1279 4580 .

74 4616 101 4665 et
120 4614 177 4669 ribi
201 4629 344 4684 arrogare,
368 4629 404 4668 ne
431 4620 481 4669 aut
508 4630 572 4668 cum
597 4615 651 4668 ale·
702 4615 772 4667 tinea
802 4623 895 4684 poetar
923 4611 1060 4666 teodrada
1095 4615 1279 4668 aemulatione

110 4729 209 4769 amau·
223 4728 254 4768 «a
268 4727 409 4776 numam
423 4727 454 4767 aa
470 4727 493 4766 v.
1038 4715 1077 4774 39
