3125 5225
282 262 347 328 590
585 256 647 323 DE
669 254 792 324 ARTE
814 254 1016 326 POETIGA
1035 256 1180 327 LIBER.

284 448 350 523 dit.
376 446 457 524 Alii
478 444 654 521 extremis
667 444 822 521 Horatii
848 445 958 521 annis
985 444 1127 523 librum
1153 446 1370 556 conlectum
1397 448 1477 546 qui·

283 572 371 649 dem
396 583 548 647 mortuo
578 569 734 645 demum
757 581 873 667 poeta
900 583 1058 649 curante
1081 570 1259 668 Augusto
1301 571 1477 647 emissum
1554 612 1555 673 3

284 723 366 773 esse
389 694 551 772 eredunt
564 696 612 790 ²⁸),
650 693 719 768 sed
745 693 865 769 firmis
889 694 1092 791 praesidiis
1119 684 1277 771 omnino
1303 694 1477 771 destituti.

281 813 417 923 Neque
441 821 468 894 ii
493 820 583 895 satis
608 817 898 894 considerarunt
922 818 1103 917 epistolas
1126 821 1285 919 scriptas
1313 844 1391 893 non
1421 844 1477 895 so·

281 945 364 1021 lere
384 947 425 1019 in
449 943 597 1019 seriniis
620 942 792 1017 cohiberi
819 942 887 1018 sed
911 942 1009 1019 mitti
1036 943 1086 1019 ad
1111 968 1176 1019 eos
1200 943 1343 1043 quibus¹
1358 956 1478 1019 essent
1554 944 1555 951 ’

284 1070 458 1169 scriptae.
506 1066 636 1157 Quare
661 1066 759 1142 sieut
784 1066 1030 1165 epistolarum
1056 1066 1106 1145 ad
1132 1066 1347 1167 Augustum
1372 1066 1478 1143 etad
1554 1130 1555 1133 ,

281 1194 439 1268 Florum
457 1190 631 1289 exempla
647 1190 822 1289 Augusto
839 1204 875 1266 et
887 1191 1003 1267 Floro
1026 1192 1142 1267 missa
1167 1204 1265 1288 sunt,
1292 1192 1346 1267 ita
1366 1194 1478 1269 etlam

281 1318 395 1393 huius
419 1316 603 1415 epistolae
626 1315 831 1391 Pisonibus
860 1328 962 1393 certe
996 1328 1033 1391 et
1067 1316 1152 1393 aliis
1189 1318 1321 1392 amieis
1356 1342 1477 1393 exem·
1554 1298 1555 1301 Ἴ

282 1442 390 1544 plum
413 1441 545 1517 datum
571 1453 637 1517 est.
664 1438 769 1516 Illud
795 1453 933 1535 autem,
962 1452 1089 1515 utrum
1116 1438 1298 1539 epistolae
1323 1440 1374 1515 ad
1400 1438 1478 1515 Au·
1554 1450 1555 1455 ’

281 1580 435 1667 gustum
461 1579 499 1642 et
510 1564 669 1654 Florum
694 1590 781 1639 eum
804 1562 876 1639 hae
902 1564 1127 1641 coniunctae
1154 1564 1321 1641 etSosiis
1348 1564 1478 1642 diven-

282 1693 432 1771 dendae
456 1690 618 1767 traditae
643 1691 719 1767 sint
745 1714 877 1786 neone,
911 1714 984 1787 ego
1011 1714 1102 1767 vero
1134 1714 1262 1790 neque
1287 1690 1479 1770 affirmare

281 1819 406 1895 susim
430 1842 557 1917 neque
582 1838 736 1915 negare.
766 1814 865 1891 Nam
892 1841 941 1891 ne
967 1812 1058 1890 inde
1084 1814 1242 1915 quidem
1270 1814 1479 1916 quidquam

281 1955 428 2020 eertum
451 1954 517 2017 aut
542 1940 624 2015 veri
648 1940 771 2015 simile
798 1940 901 2016 effici
925 1952 1063 2039 potest,
1088 1940 1195 2039 quod
1218 1942 1259 2016 in
1284 1939 1480 2017 oodieibus

281 2068 427 2165 ineerta
451 2066 541 2141 huie
567 2064 750 2163 epistolae
775 2064 886 2141 sedes
914 2077 969 2141 est
982 2064 1052 2154 **).
1097 2064 1212 2158 Quod
1238 2065 1399 2164 quidem
1424 2064 1479 2139 fa·
1554 2128 1555 2171 3

284 2203 388 2268 etum
412 2174 565 2267 ridetur
590 2202 750 2289 propter
768 2190 947 2285 indicem,
985 2214 1060 2288 quo
1093 2189 1334 2288 grammatici
1361 2214 1479 2290 parvo

282 2327 371 2413 post
390 2314 595 2390 Horatium
620 2328 814 2389 mortuum
844 2328 1017 2411 tempore
1045 2341 1129 2390 eam
1166 2340 1350 2391 exornare
1385 2313 1480 2391 sole·

283 2441 386 2515 bant.
412 2438 563 2515 Etenim
590 2437 870 2529 aQuintiliano
898 2432 944 2513 ea
967 2438 1043 2513 iam
1070 2438 1290 2513 nominatur
1316 2440 1481 2515 litarde
1554 2520 1555 2527 ἵ

282 2580 365 2644 erte
398 2568 574 2670 poetico5
611 2563 787 2639 similiter
824 2574 957 2661 postea
990 2562 1260 2662 Symmachus,
1299 2561 1480 2640 Sidonius
1554 2556 1555 2646 ζ

233 2739 239 2748 ·
282 2689 534 2790 Apollinaris,
560 2689 796 2784 Priscianus3
822 2692 1022 2792 apostolom
1048 2693 1102 2768 ad
1118 2689 1275 2766 Pisones
1301 2714 1388 2766 eam
1416 2715 1480 2787 ap-

283 2813 405 2913 pellat
426 2841 524 2890 unus
551 2814 758 2893 Charisius.
790 2811 844 2889 At
869 2837 960 2888 vero
986 2807 1133 2889 veteres
1158 2813 1198 2890 id
1224 2839 1338 2912 saepe
1365 2838 1481 2914 quae-

280 2941 426 3035 rebant,
453 2951 496 3013 ut
508 2937 680 3037 singulos
700 2938 821 3014 libros
835 2938 896 3014 vel
914 2937 1065 3037 singula
1081 2939 1342 3016 earminauno
1361 2939 1480 3014 verbo
1554 3015 1555 3024 ἒ

280 3090 326 3140 ao
345 3065 501 3140 nomine
522 3075 739 3138 coartarent
761 3089 971 3163 eorumque
993 3089 1054 3140 res
1078 3076 1115 3139 et
1136 3077 1407 3162 argumentum
1424 3065 1480 3138 in-

282 3189 474 3285 dicarent3
502 3187 642 3264 deinde
664 3200 765 3265 reete
783 3188 841 3264 illi
855 3187 1092 3288 grammatici
1103 3188 1372 3265 intellexerunt
1384 3189 1482 3265 hano

334 3461 425 3532 ')Sie
452 3479 543 3532 nuper
569 3463 710 3518 Ritterus:
751 3463 858 3518 »Amici
907 3464 1012 3520 reoueil
1030 3461 1177 3534 posthume
1197 3461 1247 3518 des
1269 3461 1381 3532 poesim
1397 3460 1480 3516 d’Ho·

280 3535 523 3605 postsubitemss
542 3534 858 3590 ientissimivatismor·
907 3551 972 3590 rane
990 3541 1019 3592 et
1035 3535 1080 3590 fut
1095 3535 1190 3606 placeo
1207 3551 1242 3589 en
1260 3535 1327 3590 tete.
1366 3534 1479 3588 Commo

280 3611 341 3659 tarn
358 3610 418 3659 tres
438 3551 553 3660 secundi
577 3607 645 3662 libri
669 3606 802 3677 epistolas
829 3608 857 3661 in
908 3623 945 3662 on
961 3625 997 3662 ne
1015 3607 1131 3678 pouvsit
1149 3609 1251 3662 mettre
1268 3621 1316 3661 oar
1327 3605 1479 3729 efodesou

280 3677 383 3747 vulgus
402 3694 465 3732 eum
485 3678 656 3744 emitterent,
667 3677 732 3733 huio
747 3684 858 3748 postre-
908 3695 954 3733 ees
973 3679 1038 3735 odes
1057 3677 1177 3733 ineditas
1196 3677 1325 3748 qu'apres
1350 3674 1478 3731 ereoueil

165 3783 168 3788 -
280 3764 344 3802 mse
373 3765 505 3818 magnum
539 3767 591 3804 neo
625 3751 753 3818 ineptum
789 3750 858 3806 artis
908 3751 999 3804 entier
1025 3749 1074 3805 des
1099 3751 1175 3812 odes,
1204 3749 1226 3804 il
1253 3747 1398 3803 s’ensuivit
1427 3763 1480 3816 que

281 3819 412 3889 poetioae
429 3837 530 3875 nomen
549 3821 737 3876 indiderunt«
909 3821 1003 3890 quand
1013 3838 1049 3876 on
1060 3819 1212 3876 renuissait
1224 3821 1265 3876 les
1278 3817 1479 3875 douxreoueils

318 3890 359 3962 **)
383 3889 427 3946 De
464 3909 520 3962 qus
552 3909 583 3946 re
626 3893 697 3947 mire
732 3889 860 3946 Wsleke·
909 3907 980 3964 pour
998 3909 1033 3948 en
1051 3893 1157 3948 former
1174 3910 1212 3948 uu
1230 3891 1298 3956 seul,
1326 3893 1480 3946 oontensot

278 3963 391 4018 noerius
419 3961 550 4026 (histoire
579 3963 615 4018 de
642 3962 670 4018 la
691 3965 737 4019 vie
760 3967 790 4017 et
808 3961 857 4016 des
907 3967 1000 4019 tontes
1028 3963 1069 4019 les
1098 3963 1208 4035 poesies
1237 3963 1375 4019 d'Horaoe
1403 3961 1480 4031 l’epi-

279 4033 389 4103 podsies
406 4035 553 4091 d'Horaee.
583 4035 615 4089 T.
624 4034 659 4090 11.
677 4053 705 4105 p.
720 4037 772 4090 549
789 4033 856 4104 sq.):
905 4039 949 4090 tre
979 4053 1033 4090 aux
1051 4035 1150 4092 Pisone
1176 4053 1207 4090 se
1223 4035 1354 4099 trouvsit,
1381 4033 1480 4104 platee

284 4106 391 4176 ›Apres
408 4106 436 4162 la
453 4112 529 4161 mort
549 4107 686 4162 d’Horoee
706 4124 743 4162 on
762 4105 857 4160 renuit
906 4107 1142 4164 immediatsmsnt
1168 4107 1251 4178 apres
1277 4107 1318 4162 les
1352 4105 1419 4160 odes
1450 4107 1481 4158 et

279 4193 315 4231 en
334 4195 372 4232 nn
390 4178 452 4232 seul
469 4179 540 4234 livre
559 4194 624 4234 sone
637 4179 665 4232 le
678 4195 744 4233 nom
761 4176 855 4246 d’epo·
904 4183 989 4234 event
1006 4179 1046 4234 las
1066 4178 1176 4249 dpodes.
1219 4179 1293 4233 C'est
1321 4175 1392 4232 ainsi
1424 4191 1479 4245 que

278 4248 329 4304 des
359 4251 399 4304 les
426 4249 494 4305 odes
521 4249 643 4304 inidites
679 4250 748 4318 qu’il
780 4249 857 4304 avait
905 4255 969 4306 sont
988 4251 1120 4321 toujours
1148 4249 1266 4322 rangees
1302 4250 1341 4304 les
1366 4246 1479 4318 possiet

279 4319 393 4376 hissees
411 4327 441 4376 et
458 4323 500 4376 les
528 4322 595 4376 odes
622 4319 748 4391 publiees
775 4319 853 4389 sepa·
905 4320 1041 4376 d'Horsee
1060 4321 1129 4376 dans
1147 4321 1187 4378 les
1205 4321 1271 4392 plus
1290 4320 1402 4375 enciens
1420 4335 1478 4371 ms·

278 4389 390 4447 rement
408 4393 476 4448 dane
494 4411 526 4448 sa
542 4393 680 4462 jaunesse,
697 4392 768 4448 mais
787 4391 853 4461 qu'il
903 4391 1035 4458 auserits,
1054 4393 1123 4448 o'est
1141 4393 1212 4448 ainsi
1238 4391 1354 4462 qu'sllss
1380 4390 1479 4444 terrent

279 4463 384 4518 n’svait
400 4465 482 4534 point
499 4463 619 4519 admises
639 4464 708 4518 dans
728 4480 772 4518 ses
787 4480 853 4531 qus·
902 4464 1030 4534 publiees
1048 4464 1293 4534 primitisemeut‹
1339 4461 1381 4518 De
1401 4459 1478 4532 Epo·

279 4537 325 4588 tre
344 4534 428 4590 liures
448 4535 553 4590 d’odes.
584 4535 710 4605 L’dpitre
734 4551 791 4589 aux
808 4533 854 4588 Pi·
904 4535 946 4590 dis
968 4535 1031 4592 ride
1050 4552 1143 4606 supra

279 4620 345 4658 sons
366 4609 448 4661 entra
465 4606 701 4664 necessarii-emeat
727 4605 796 4662 dans
822 4623 854 4662 ee
