3125 5225
268 272 333 341 380
736 274 1005 347 SATIRARUM

317 462 396 537 Nos
422 463 598 541 faceres
625 464 740 565 vulgo
768 466 886 565 louge
909 464 1104 566 longeque
1128 456 1322 545 iemotos?

317 586 494 688 Namque
520 603 611 685 esto,
639 591 805 690 populus
830 591 1002 667 Laevino
1028 592 1163 677 mallet¹
1181 592 1367 669 honorem

267 744 294 783 ιο
320 712 446 806 Quum
471 716 588 792 Decio
614 717 800 793 mandare
825 744 939 813 novo,
964 742 1175 817 censorque
1196 718 1367 796 moveret

223 916 231 928 ‚
319 836 481 938 Appius,
508 842 674 940 ingenuo
699 843 733 917 si
758 868 836 917 non
863 868 985 919 essem
1011 855 1119 942 petre
1145 855 1276 919 ustus:

317 965 393 1042 Vel
415 965 562 1061 merito,
590 967 773 1066 quoniam
798 968 839 1042 in
862 968 1021 1067 propris
1036 993 1115 1043 non
1132 967 1235 1067 pelle
1262 968 1467 1069 quiessem.

319 1089 394 1167 Sed
425 1090 598 1189 fulgente
623 1092 738 1167 trahit
762 1093 985 1169 constrictos
1013 1092 1146 1173 Gloria
1171 1120 1284 1170 curru

317 1215 405 1290 Non
427 1216 551 1291 minus
579 1214 731 1313 ignotos
757 1216 964 1314 generosis.
1015 1215 1101 1309 Quo
1128 1216 1208 1313 tibi,
1236 1215 1336 1313 Titii,

266 1373 292 1416 ss
317 1340 476 1418 Sumere
499 1340 715 1438 depositum
738 1340 887 1415 clavum
912 1340 1072 1441 fierique
1098 1342 1278 1419 tribuno?

316 1465 469 1541 Invidia
497 1464 670 1560 accrevit,
696 1464 847 1563 privato
876 1491 975 1565 quae
1003 1467 1130 1541 minor
1156 1480 1264 1542 esset.

316 1592 417 1667 Nam
437 1603 481 1665 ut
499 1590 663 1688 quisque
681 1589 836 1665 insanus
856 1589 977 1689 nigris
993 1590 1164 1667 medium
1186 1590 1362 1689 impediit
1379 1618 1470 1669 crus

316 1714 485 1791 Pellibus
513 1726 551 1790 et
576 1714 695 1789 latum
722 1714 876 1790 demisit
902 1726 1056 1812 pectore
1081 1712 1245 1812 olavum,

318 1838 440 1915 Audit
454 1840 653 1925 continuo:
681 1839 777 1931 Quis
794 1838 909 1914 homo
923 1837 985 1915 hio
1003 1842 1086 1915 est?
1114 1864 1189 1939 quo
1203 1846 1470 1938 patronatus?

267 1996 293 2037 so
320 1966 369 2043 Ut
391 1966 422 2039 si
450 1964 516 2063 qui
537 1977 710 2063 aegrotet
736 1989 813 2063 quo
840 1964 976 2040 morbo
998 1964 1150 2060 Barrus,
1179 1964 1315 2041 haberi

316 2092 365 2165 Et
388 2089 518 2186 cupiat
542 2089 746 2181 formosus,
772 2100 833 2164 eat
860 2113 1100 2189 quacunque,
1128 2088 1264 2186 puellis

318 2213 472 2289 Iniiciat
501 2238 632 2288 curem
655 2212 864 2313 quaerendi
887 2213 1049 2311 singula,
1075 2212 1180 2311 quali

318 2340 375 2417 Sit
396 2339 506 2434 fecie,
534 2364 633 2433 sura,
662 2338 767 2436 quali
793 2338 904 2436 pede,
933 2338 1059 2434 dente,
1088 2337 1251 2439 capillo:

317 2463 379 2540 Sic
404 2464 471 2562 qui
495 2463 682 2559 promittit
706 2464 822 2559 cives,
845 2464 980 2539 urbem
1006 2462 1078 2539 sibi
1107 2488 1230 2559 curse,

265 2624 291 2662 s
314 2584 636 2687 Imperium'fore
663 2600 701 2664 et
726 2586 879 2664 Italiam
903 2584 1128 2664 et'delubra
1157 2587 1330 2684 deorum,

256 2743 267 2756 ·
316 2711 403 2804 Quo
429 2726 539 2812 patre
565 2714 613 2788 sit
638 2727 759 2809 natus,
787 2740 881 2788 num
907 2714 1039 2812 ignota
1064 2727 1184 2789 matre
1209 2715 1448 2811 inhonestus,

317 2837 461 2915 Omnes
484 2840 665 2916 mortales
691 2866 825 2916 curare
852 2853 888 2916 et
915 2865 1099 2938 quaerere
1125 2841 1239 2940 cogit.

322 2965 430 3042 'runo
456 2963 554 3063 Syri,
577 2967 724 3041 Damae
749 2977 815 3040 aut
839 2963 999 3065 Dionysi
1022 2963 1135 3061 filius,
1162 2963 1280 3041 eudes

272 3202 366 3256 certus
402 3197 513 3268 quidem
543 3195 646 3254 Decius
675 3197 842 3269 cogitandus
892 3201 985 3254 motus
1010 3202 1055 3254 est
1078 3197 1231 3254 sCsessre
1249 3198 1329 3268 qussi
1348 3197 1474 3268 Pompe·

269 3287 359 3340 neque
384 3269 506 3340 Appius3
534 3268 728 3342 significentur
754 3268 842 3324 homi·
892 3270 988 3340 isnus;
1016 3271 1108 3325 occiso
1136 3287 1203 3326 vcro
1223 3270 1341 3326 Csessre
1360 3269 1472 3340 recepit

266 3359 317 3398 nes
343 3342 439 3410 quales
462 3339 543 3395 Decii
571 3345 660 3407 crunt,
691 3345 722 3396 et
751 3341 841 3398 severi
892 3341 980 3396 lutum
998 3340 1102 3395 iterum
1119 3341 1237 3409 clevum,
1261 3340 1291 3398 id
1308 3345 1359 3404 est,
1389 3357 1475 3398 wne·

268 3413 417 3478 Censores,
450 3413 541 3482 quslis
568 3411 635 3468 olim
660 3412 777 3483 Appius.
808 3439 841 3452 -
891 3412 994 3466 terium
1011 3411 1188 3483 dignitatem,
1213 3415 1244 3468 ot
1265 3411 1398 3468 tribunus
1417 3413 1473 3468 mi·

184 3497 187 3502 ’
267 3487 311 3539 ssi
328 3482 436 3552 merito]
464 3501 501 3538 sc.
521 3500 566 3538 me
586 3487 713 3539 moveret
732 3501 840 3550 censor,
891 3483 975 3538 litum
1003 3483 1095 3539 fectus
1123 3489 1189 3540 est«
1250 3483 1356 3540 comm.
1384 3483 1474 3554 Gruq.

268 3555 335 3626 quis
367 3555 508 3610 senatoris
542 3554 665 3626 dignitas
701 3556 841 3610 natatibus
892 3555 1011 3610 Tribuni
1058 3557 1171 3612 uuttuor
1199 3555 1354 3625 primorum
1380 3555 1474 3626 legio·

266 3627 337 3682 meis
373 3643 475 3696 perum
509 3627 658 3683 convenire
686 3625 841 3682 rideretur.
891 3643 957 3708 nuru
975 3627 1045 3682 hehe
1068 3627 1248 3709 entiuslsti
1266 3625 1347 3709 cleri.
1397 3626 1474 3684 Aliis

268 3698 361 3754 Genus
386 3702 417 3752 et
441 3697 550 3753 nstsles
573 3715 656 3753 nemo
672 3703 768 3767 potest
786 3715 842 3752 rus·
892 3697 1036 3752 tribunum
1053 3697 1143 3767 plebis
1162 3697 1277 3754 Tillium
1293 3697 1379 3754 lmese
1405 3715 1474 3768 pro·

267 3769 311 3841 gis
339 3774 450 3824 mutere
475 3785 559 3840 quum
581 3773 702 3837 cutsm;·
718 3769 784 3825 inde
813 3775 842 3824 s'u
891 3768 1012 3824 habilius
1030 3769 1151 3824 videtur.
1173 3799 1207 3853 7-
1235 3771 1472 3850 styrislpsllitus]

267 3844 843 3995 ιςςςςςςςςςςςςςιςς
892 3840 1081 3994 treton
1094 3841 1183 3981 ςὲς
1211 3839 1475 3994 initium

268 3983 299 4039 in
315 3983 418 4047 fabule,
445 3983 494 4054 qui
520 3983 607 4040 leoms
623 3983 726 4053 pellem
742 3983 843 4038 induit.
894 3999 1024 4054 corrigiis
1044 4000 1073 4038 ιιι
1093 3983 1184 4040 medio
1202 3999 1287 4038 crure
1363 3982 1473 4038 buntur

267 4085 302 4098 -
318 4057 381 4125 net]
403 4055 484 4124 Quod
494 4072 659 4124 quemquem
669 4055 845 4111 verissimum
894 4069 927 4108 so
951 4057 1098 4122 praeterea
1127 4054 1163 4110 nd
1192 4055 1279 4109 talum
1311 4052 1473 4110 edebatur

269 4131 320 4191 est,
340 4143 437 4181 omnes
454 4131 558 4190 tumen,
582 4125 691 4182 nobiles
713 4131 742 4182 et
765 4127 845 4196 igno·
893 4124 998 4190 lunula,
1018 4143 1089 4196 quse
1106 4124 1262 4182 littersmG
1282 4125 1471 4192 (centumSe

266 4197 347 4262 biles.
373 4198 484 4254 Gloriae
510 4213 625 4252 currum
648 4197 728 4267 qussi
747 4197 844 4252 trium·
893 4201 1007 4252 nstores
1025 4197 1121 4268 primi)
1140 4197 1231 4252 forms
1246 4197 1385 4254 redderet.
1406 4195 1472 4254 Cel·
1561 4187 1562 4272 l

286 4269 524 4340 hslemtfslpeste)
533 4275 697 4338 sequuntur.
707 4269 743 4324 cl.
750 4267 844 4339 Epist.
893 4266 938 4324 oei
956 4267 1012 4339 ipsi
1028 4268 1087 4324 slbi
1104 4273 1155 4326 sut
1172 4268 1307 4340 purpurei
1328 4271 1420 4324 eruut.
1439 4298 1467 4312 -

297 4382 304 4407 ,
325 4346 348 4407 1,
372 4345 433 4396 177.
894 4339 1014 4466 Barrus&
1034 4339 1092 4396 Sal.
1110 4340 1139 4406 I,
1157 4345 1185 4406 4,
1207 4343 1266 4420 110ς
1297 4369 1331 4380 -··
1364 4343 1401 4396 Et
1425 4361 1472 4394 cs·

304 4411 337 4466 V.
349 4414 392 4469 24.
431 4433 481 4482 quo
501 4411 616 4480 sonere]
644 4409 679 4467 cf.
703 4409 794 4480 Epist.
817 4409 839 4476 I,
892 4411 963 4482 ptest]
1015 4411 1042 4466 ic
1068 4411 1152 4482 longe
1169 4413 1293 4483 plurime
1310 4427 1377 4481 pers
1397 4412 1471 4481 opti·

268 4486 295 4549 t,
317 4488 359 4538 12.
402 4481 482 4538 oud.
508 4483 541 4538 A.
560 4482 592 4538 A
612 4481 640 4548 1,
664 4485 731 4538 30³:
762 4481 839 4550 »Quo
893 4499 1001 4536 morum
1029 4482 1120 4550 codd„
1148 4484 1223 4554 quod
1247 4483 1305 4539 ism
1329 4481 1471 4554 Gruquius

267 4552 329 4619 tibi,
346 4553 490 4625 Pasiphss,
509 4554 647 4695 pretiosus
665 4569 775 4610 sumus
793 4569 838 4610 vs·
890 4553 962 4610 bene
979 4553 1183 4627 interpretetus
1201 4557 1261 4625 est3
1289 4569 1356 4610 num
1374 4567 1399 4608 ss
1419 4575 1466 4610 cs·

268 4625 362 4680 steti«
383 4655 419 4666 -
450 4629 514 4682 ritu
544 4625 659 4682 »Tillius
676 4625 724 4680 hio
741 4629 839 4681 sentin
888 4629 948 4698 pist
979 4631 1115 4696 formosus
1142 4629 1235 4682 laissi
1266 4625 1467 4699 ἐπεξηγηιιιιόι
1559 4619 1560 4634 ’

1555 5141 1558 5185 l
