3125 5225
514 290 649 364 Lm
673 293 773 366 SAT.
793 294 836 364 X.
1214 298 1277 366 403

121 475 296 575 Defingit
315 475 441 553 Rheni
463 476 611 554 luteum
637 490 761 577 eaput,
784 478 884 555 haec
908 502 980 577 ego
1006 478 1112 576 ludo,

105 602 238 694 Quae
257 626 386 700 neque
410 603 451 677 in
476 603 573 678 aede
598 616 734 679 sonent
759 605 945 681 certantia
970 602 1100 680 iudice
1125 606 1253 703 Tarpa

123 725 205 801 Nec
228 726 391 802 redeant
415 728 556 803 iterum
579 741 696 828 atque
721 728 860 805 iterum
887 730 1093 827 spectanda
1109 730 1277 806 theatris.

75 879 102 917 e
126 848 278 949 Arguto
296 850 498 927 meretrice
520 864 630 951 potes
654 852 842 951 Davoque
867 852 1078 931 Chremeta

125 975 314 1051 illudente
338 1000 469 1050 senem
494 976 613 1051 comis
638 977 786 1075 garrire
812 952 962 1052 libellos

125 1099 231 1179 Unus
256 1101 439 1196 virorum,
467 1100 665 1198 Fundani3
690 1100 814 1176 Pollio
842 1126 977 1197 regum
1044 1132 1048 1139 ·

124 1225 243 1300 Facta
269 1225 372 1313 canit
394 1224 496 1324 pede
516 1237 576 1300 ter
596 1250 798 1324 percuss03
827 1226 927 1303 forte
953 1252 1045 1323 epos
1070 1252 1158 1303 acer

124 1348 177 1426 Ut
196 1373 311 1424 nemo
335 1348 474 1422 Varius
499 1348 622 1444 ducit3
649 1348 769 1424 molle
796 1362 911 1448 atque
939 1348 1106 1425 facetum

73 1510 100 1550 a
126 1472 295 1572 Virgilio
320 1485 538 1548 annuerunt
560 1472 770 1570 gaudentes
796 1500 885 1550 rure
912 1477 1115 1555 Camenae.

124 1600 213 1676 Hoc
238 1609 330 1693 erat,
357 1608 513 1695 experto
540 1598 683 1673 frustra
709 1600 882 1677 Varrone
908 1599 1071 1677 Atacino

124 1724 258 1823 Atque
273 1722 513 1821 quibusdam
526 1722 621 1819 aliis,
646 1722 782 1798 melius
802 1726 907 1823 quod
925 1726 1094 1802 scribere
1113 1751 1276 1822 possem,

124 1850 333 1926 Inventore
357 1828 501 1943 minor3
521 1872 653 1947 neque
680 1873 752 1945 ego
777 1848 836 1923 illi
862 1848 1062 1925 detrahere
1090 1851 1213 1927 ausim

77 2004 180 2055 tum
199 2009 282 2069 eapse
297 1995 471 2067 appellatum
487 1996 654 2050 eotnmidie
706 1997 878 2067 »Tragoedia
905 1998 1043 2055 trimetris
1070 1997 1197 2053 versibus
1220 1997 1280 2052 iere

79 2073 86 2084 “
157 2069 251 2124 inibus
260 2068 434 2138 descriptum
443 2085 519 2136 eese;
536 2067 567 2122 id
579 2067 654 2138 qnod
704 2070 837 2125 teritum«
861 2070 971 2125 Gomm.
990 2070 1071 2139 Cruq.
1107 2068 1139 2123 ln
1162 2069 1280 2139 singulis

76 2088 240 2198 muethus
249 2138 312 2193 fieri
321 2139 417 2209 potuit
493 2139 654 2193 minuetum
704 2138 826 2210 dipodiis
853 2140 924 2211 pede
951 2156 1084 2211 peronaeo
1113 2156 1280 2195 numerosa

75 2211 213 2269 Romania
229 2216 315 2266 notus
334 2156 497 2265 emtthom
507 2210 580 2273 lons,
599 2211 654 2264 nisi
704 2212 821 2268 tibicine
838 2212 1028 2275 indicabatur,
1040 2212 1124 2267 itaut
1134 2211 1280 2281 percussio

77 2285 155 2339 forte
169 2286 250 2339 recte
266 2281 409 2345 viderunt,
432 2282 480 2350 qui
498 2294 580 2350 rapat
598 2298 655 2336 non
704 2282 780 2337 idem
799 2284 836 2337 sit
854 2284 930 2353 qnod
951 2291 1030 2345 terea
1048 2282 1165 2352 κροῦσις.
1189 2310 1223 2323 -
1238 2288 1280 2351 se·

76 2356 188 2411 fontan
203 2353 255 2408 sed
271 2353 378 2407 ostium
385 2352 478 2407 Rheni
494 2350 655 2423 signidem
704 2357 804 2422 comm]
826 2352 943 2423 Quintil.
953 2354 1000 2419 VI,
1016 2358 1043 2422 8,
1054 2357 1102 2410 19:
1128 2352 1281 2409 »Facetum

5 2442 15 2461 ·
117 2430 230 2489 terunt,
245 2429 278 2477 ut
297 2423 374 2493 apud
391 2424 467 2479 Caes.
481 2424 545 2494 bg.
554 2423 602 2491 IV,
613 2427 654 2479 io.
704 2442 815 2495 qnoque
842 2443 899 2481 non
927 2430 1039 2481 tantum
1063 2426 1140 2480 circa
1163 2424 1282 2480 ridicule

77 2445 309 2554 idimosfinm
329 2512 478 2550 arenosum
493 2498 539 2549 est
557 2498 588 2549 et
605 2513 655 2565 pos
704 2497 806 2567 opinor
821 2497 983 2552 consistere.
1000 2498 1097 2567 Neque
1114 2496 1189 2551 enim
1207 2496 1281 2551 dice·

79 2570 137 2626 tait
153 2566 584 2639 appallan'letsan‚ionsltheni
597 2584 654 2622 non
704 2574 749 2624 ret
769 2566 912 2636 Horatiae,
938 2569 1061 2624 facetum
1086 2567 1216 2624 carminis
1236 2584 1281 2650 ge-

230 2640 264 2693 ni.
285 2640 320 2693 A.
338 2639 370 2693 P.
395 2642 437 2703 18.
468 2667 503 2680 -
534 2638 655 2764 definffl
705 2645 879 2695 nosnatura
902 2655 1064 2696 concessum
1083 2637 1281 2709 eeseVirgiho.

138 2712 144 2725 '
178 2711 185 2724 '
216 2728 266 2765 am
291 2711 346 2764 bec
367 2711 544 2778 vocabulum,
578 2727 597 2779 q
705 2711 823 2766 Denaris
841 2711 913 2766 hanc
931 2713 1021 2783 magis
1039 2715 1069 2766 et
1087 2711 1215 2768 excultae
1235 2729 1282 2764 cu·

78 2783 154 2838 baud
182 2782 269 2838 dubie
305 2780 552 2852 reprehensionem
579 2781 607 2834 hs
634 2781 655 2835 l.
697 2783 813 2838 insdam
833 2783 989 2854 elegantiae
1002 2783 1216 2854 appellationem
1232 2799 1282 2851 pu·

79 2855 207 2911 continet
221 2853 654 2923 ntaimilaverbumdssomars.
704 2859 742 2908 to.
765 2854 888 2922 Ideoque
906 2855 935 2908 in
954 2855 1080 2925 epistolis
1096 2854 1195 2908 (licere
1214 2853 1282 2909 haec

79 2955 115 2968 -·
129 2925 210 2997 κὴ]
229 2925 383 2979 llusarm
406 2954 440 2965 -·
460 2923 558 2994 Tarpa]
578 2922 655 2980 A.1>.
704 2925 786 2980 Bruti
805 2925 895 2980 refert
914 2927 1015 2981 verba:
1048 2925 1140 2980 „Nae
1158 2924 1200 2978 illi
1218 2929 1284 2980 sunt

79 3000 140 3053 387.
166 2997 216 3066 Sp.
238 2996 346 3050 Mando
370 2995 481 3065 Tarpae
504 3013 568 3049 cnm
592 2995 655 3048 aliia
704 2996 797 3067 pedes
822 2995 907 3052 faceti
934 3015 967 3052 ec
986 2997 1094 3052 deliciis
1111 2996 1282 3066 ingredienti

78 3073 215 3140 quattuor
231 3067 372 3122 indicibus
389 3083 459 3121 cura
476 3066 656 3121 treditnerat
706 3077 742 3136 (v.
781 3068 971 3150 ingrediendi)
1004 3068 1146 3123 molles«
1202 3066 1284 3134 Quod

77 3141 240 3195 fabularum
260 3143 311 3193 ant
336 3138 484 3193 rimorum
502 3137 656 3192 diiudican-
706 3142 840 3194 convenit
863 3157 928 3194 cum
953 3140 1002 3194 illo
1027 3140 1180 3194 Horatiano
1203 3141 1283 3192 motta

80 3212 198 3279 dorm
228 3227 246 3263 a
270 3209 372 3279 quibus
398 3226 470 3279 quae
487 3226 544 3263 non
560 3212 656 3263 emant
705 3224 785 3282 rtpss
803 3217 923 3278 foreman
949 3215 1090 3284 Virgilio.»
1120 3239 1153 3250 -—
1183 3229 1284 3264 aanor·

77 3282 437 3353 probstainsoenemnon
445 3280 653 3335 deferebantur.
705 3281 783 3353 rent]
803 3281 845 3336 De
862 3299 942 3337 corre
963 3285 993 3336 ta
1010 3281 1118 3350 syllaba
1135 3280 1171 3335 ci.
1189 3279 1280 3349 Epod.

114 3354 149 3408 V.
159 3357 203 3408 40.
235 3355 365 3424 Deaeque
384 3351 536 3422 Ctrssreto]
555 3351 656 3407 Perso-
705 3356 733 3418 9,
757 3355 799 3407 17.
835 3353 927 3423 Epist.
943 3299 974 3418 l,
994 3355 1026 3418 4,
1048 3355 1074 3407 7.
1105 3381 1133 3392 «-
1166 3357 1284 3407 Varrone

78 3441 133 3480 nae
157 3441 194 3479 οι
216 3421 324 3478 Andria
350 3423 533 3490 Terentiana3
559 3422 657 3484 Davus
708 3425 838 3496 Atacino]
872 3424 903 3478 P.
931 3424 1079 3478 Terentius
1104 3423 1211 3488 Varro,
1246 3421 1281 3476 ab

71 3495 157 3552 nervi
171 3500 335 3550 nomenest
356 3493 476 3564 Scripsit
483 3495 572 3565 igitur
580 3494 657 3548 Fun·
705 3496 794 3550 Atace
817 3497 903 3562 (nunc
914 3495 999 3566 Aede)
1017 3493 1207 3549 Narbonensis
1218 3493 1283 3547 Gal·

77 3569 183 3623 anius
197 3566 366 3622 comedite
383 3567 421 3620 oi.
440 3566 497 3620 Sat.
512 3564 547 3629 11,
565 3567 591 3631 8,
613 3567 656 3620 19.
706 3567 761 3621 liae
778 3565 808 3622 fl.
827 3567 966 3621 Atacinus
985 3567 1087 3632 dictus,
1108 3585 1132 3620 a.
1151 3584 1178 3620 u.
1196 3567 1284 3620 ceta

78 3636 656 3766 saturissatiris
706 3637 868 3764 ‘thr
895 3636 1286 3777 terrenitate·

78 3785 140 3850 est,
178 3751 253 3836 non⁹
268 3749 415 3835 vocatir’ns
442 3795 534 3849 neque
564 3795 656 3835 accus.
791 3749 966 3850 ographiam,
984 3797 1098 3836 carmen
1114 3747 1285 3835 dicaesaris'

110 3871 156 3907 nr,
183 3881 216 3896 ·-
244 3851 347 3922 Mis]
368 3852 403 3906 ct
422 3851 514 3906 (iarun
532 3851 656 3915 11,1‚e.
706 3851 782 3907 bello
811 3849 981 3922 Aquitanico
1012 3851 1134 3922 scripsit
1180 3849 1223 3905 De
1251 3865 1285 3904 ec

78 3997 182 4050 a„
202 3922 450 4049 „mm
472 3926 658 4048 *ttottt
706 3923 826 4049 till·
842 3922 879 4048 i
901 3927 925 3987 ¹’
944 3921 1285 4050 tuturus

83 4067 174 4132 dim,
206 4081 310 4121 canere
336 4010 526 4191 mhffi’
553 4065 658 4119 ducere
706 4011 846 4135 interpilii
869 4011 969 4136 iiiii-is
998 4066 1097 4130 alieni,
1124 4082 1181 4119 non
1209 4031 1285 4134 sper³

81 4139 163 4209 spica
180 4137 314 4192 mutar.
332 4136 369 4191 ef.
413 4137 478 4206 piet.
495 4135 533 4196 11,
552 4140 576 4202 1,
594 4137 656 4190 225.
706 4136 815 4191 nendus
829 4137 951 4206 quidem,
971 4153 1069 4192 verum
1081 4135 1285 4206 adaugendam

82 4235 113 4249 -·
130 4207 358 4280 saeancfanda,
377 4207 659 4270 diuiacteheroum
707 4209 871 4263 {multatam
887 4205 1005 4263 dicendi
1020 4223 1119 4277 parum
1132 4206 1281 4276 locuples«

79 4298 151 4350 qaae
177 4279 208 4334 in
235 4279 394 4349 tragoediis
418 4295 530 4349 quoqne
557 4277 659 4332 desem
708 4307 743 4320 -—
772 4282 930 4350 paneadam
957 4283 1037 4346 attis]
1068 4278 1210 4332 Incertum
1241 4281 1286 4332 eet

79 4353 196 4408 buntur.
214 4352 353 4406 Attamen
363 4353 516 4416 nutriter,
534 4367 570 4404 ne
585 4364 658 4420 quae
708 4367 779 4422 quoe
795 4349 981 4421 indicaverit3
1000 4349 1103 4403 seim
1116 4353 1210 4402 tamar
1220 4347 1284 4404 Sae-

82 4424 227 4494 epieoram
252 4426 350 4476 meent
366 4421 481 4492 tragicis
498 4423 658 4478 tribueran·
705 4423 783 4478 vium
800 4423 921 4492 aliquem
944 4421 1119 4484 Nicanorm,
1147 4419 1179 4473 T.
1199 4419 1285 4486 Quin·

80 4502 134 4561 tur,
152 4493 278 4550 munet
300 4499 362 4562 sats
382 4509 444 4548 asse
462 4493 658 4562 scribendum
706 4495 779 4548 tium
796 4495 895 4548 Atiam
915 4491 1015 4563 (Epist.
1040 4489 1074 4554 11,
1096 4494 1121 4559 1,
1139 4491 1194 4560 79),
1212 4491 1282 4545 alios

79 4565 184 4624 blande
201 4562 329 4635 quim
344 4563 657 4632 sodomitanam
708 4564 809 4621 satiras
827 4565 985 4634 scripsisse.
1011 4589 1045 4602 -
1076 4567 1213 4617 {messore
1231 4565 1284 4617 iss·-

79 4640 133 4695 mis
158 4642 256 4694 mie·
286 4663 319 4678 -
351 4639 417 4707 pede
451 4649 494 4692 ter·
518 4635 658 4708 pacasse]
706 4636 769 4708 aar]
800 4635 940 4714 Lucilium
969 4635 1147 4689 inventorem
1175 4633 1282 4688 satirici
