3125 5225
860 237 883 301 4

268 423 399 490 dubiam
422 444 513 511 spem
534 444 698 490 armorum
721 422 845 489 diutius
868 431 1006 489 tentare.
1028 422 1168 513 Captum
1186 422 1318 511 quidem
1332 448 1350 489 a
1366 424 1473 491 victo-

270 532 362 599 ribus
386 554 461 598 eum
484 532 585 599 fuisse
608 532 707 599 docet
737 532 804 597 vita
824 533 986 618 quaedam
1007 553 1050 597 ex
1072 541 1201 599 vetusto
1221 532 1331 619 aliquo
1353 532 1476 600 codice

269 642 443 729 descripta,
474 639 532 705 sed
564 640 645 705 nihil
674 649 724 707 est
752 639 957 705 auctoritatis
988 640 1075 728 quod
1104 640 1180 707 huic
1201 641 1346 707 accedat
1399 642 1474 708 Iam

270 771 349 815 vero
373 772 447 815 cum
469 770 529 813 usu
552 748 667 815 doctus
690 748 761 836 ipse
786 770 847 837 per
869 748 929 815 hos
957 770 1060 815 anuos
1092 748 1325 835 intellexisset,
1354 760 1475 819 eorum

270 857 326 943 qui
347 857 608 923 ardentissimum
633 858 757 946 patriae
779 883 818 924 ac
839 856 1000 925 libertatis
1015 880 1161 925 amorem
1183 882 1264 948 prae
1285 882 1321 926 se
1343 861 1476 928 ferrent

269 965 423 1052 exiguam
441 974 567 1031 tantum
588 975 714 1051 partem
734 967 957 1032 innocentiam
973 966 1261 1053 integritatemque
1277 969 1376 1035 animi
1392 993 1479 1036 cou-

268 1096 425 1157 servasse,
455 1074 613 1163 plurimos
643 1096 734 1140 suam
765 1075 939 1141 utilitatem
963 1076 1088 1162 patriae
1110 1076 1301 1160 commodis,
1334 1078 1389 1144 ubi
1415 1102 1473 1145 oc·

269 1183 354 1251 casio
377 1182 452 1249 data
475 1192 571 1267 esset,
605 1183 811 1271 praetulisse,
839 1195 873 1248 et
906 1184 934 1249 si
956 1183 1100 1251 victores
1125 1206 1166 1251 ex
1190 1186 1280 1250 bello
1296 1169 1476 1251 discessis·

268 1303 342 1357 sent
373 1292 502 1379 peiores
535 1290 631 1355 etiam
667 1290 841 1377 imperium
874 1288 1056 1355 Romanum
1096 1290 1247 1358 dominos
1282 1293 1476 1361 habiturum

269 1400 382 1483 fuisse,
416 1410 484 1463 tum
506 1421 573 1463 nou
598 1399 704 1487 potuit
726 1398 888 1481 dubitare,
918 1398 998 1483 quin
1017 1400 1059 1463 ab
1081 1400 1142 1465 hsc
1167 1411 1261 1487 parte
1282 1422 1363 1467 vera
1383 1402 1475 1467 salus

269 1509 368 1573 rebus
395 1506 547 1572 Romania
580 1528 646 1571 non
679 1507 816 1572 deberet
846 1507 1040 1594 exspectari.
1094 1509 1305 1598 Quapropter
1338 1509 1476 1575 veniam

269 1617 356 1685 ultro
379 1616 517 1681 oblatam
542 1615 628 1685 tristi
651 1616 785 1701 quidem
806 1615 913 1681 animo
945 1614 1084 1703 accepit,
1116 1627 1227 1704 partes
1257 1617 1403 1702 reliquit,
1440 1617 1476 1683 iu

268 1723 398 1791 Italiam
420 1724 517 1789 rediit
539 1724 752 1812 militiamque
776 1723 978 1789 detrectavit.
995 1723 1126 1794 Natura
1140 1726 1229 1791 euim
1247 1725 1421 1793 imbellem
1433 1726 1475 1807 ¹⁶)

269 1854 312 1897 ne
332 1830 513 1897 tribunatus
536 1828 668 1915 quidem
689 1838 722 1895 et
741 1830 891 1895 militaris
912 1830 1018 1895 honor
1039 1840 1154 1899 tenere
1183 1844 1380 1921 potueruut;
1413 1854 1475 1899 no-

270 1962 343 2005 vam
365 1940 426 2007 sibi
448 1940 591 2003 summae
613 1937 717 2003 laudis
739 1938 825 2005 viam
847 1938 993 2005 munivit.
1043 1938 1083 2005 ln
1103 1941 1165 2006 hac
1187 1964 1224 2008 re
1248 1943 1475 2009 memorabilis

272 2058 320 2113 est
342 2049 435 2113 locus
457 2046 566 2115 Carra.
583 2046 629 2131 11,
655 2046 685 2130 7,
708 2048 765 2112 13:

469 2153 538 2222 Sed
562 2177 614 2220 me
636 2176 696 2241 per
721 2154 832 2220 hostes
854 2155 1037 2221 Mercurius
1059 2154 1148 2221 celer

467 2264 583 2331 Denso
604 2270 777 2351 paventem
802 2262 932 2328 sustulit
951 2270 1040 2346 atre,

271 2396 335 2461 quo
358 2374 432 2439 loco
455 2371 620 2459 significat
639 2382 714 2458 post
735 2394 889 2457 maguam
909 2372 1036 2438 cladem
1057 2372 1182 2438 relictis
1203 2374 1321 2439 castris
1351 2374 1392 2439 ad
1418 2375 1473 2441 lit-

270 2493 415 2548 terassa
448 2492 481 2547 et
511 2480 657 2547 carmina
687 2480 872 2565 aufugisse3
908 2489 1024 2568 poetae
1056 2480 1145 2547 enim
1178 2481 1333 2548 Mercurii
1362 2482 1473 2549 tutela

270 2589 426 2676 gaudent,
449 2588 527 2656 inde
551 2587 795 2656 Mercurialium
817 2588 962 2656 virorum
976 2590 1013 2673 ¹⁶)
1033 2589 1165 2655 nomine
1190 2589 1303 2658 ornati.
1339 2589 1471 2658 lisdem

269 2708 377 2764 autem
400 2697 441 2763 de
470 2720 567 2764 causa
588 2697 651 2780 ΙΙΙ,
673 2699 703 2770 4,
726 2697 777 2772 26,
809 2697 897 2782 quod
925 2719 967 2764 ex
998 2697 1091 2764 clade
1121 2706 1153 2764 et
1181 2697 1262 2784 fuga
1294 2699 1471 2766 incolumis

270 2806 421 2888 eraserit,
444 2807 611 2874 Musarum
634 2827 669 2872 se
690 2805 817 2891 gratiae
839 2806 961 2872 debere
982 2805 1035 2872 sit
1065 2807 1235 2874 Incertum
1256 2814 1316 2885 est,
1340 2827 1383 2872 ex
1399 2807 1470 2873 Ma-

271 2915 406 2984 cedonia
426 2923 534 2980 utrum
553 2925 643 2980 recta
665 2913 717 2979 via
738 2913 875 2980 Romam
895 2936 931 2980 se
952 2915 1130 2980 contulerit
1150 2938 1191 2981 an
1212 2914 1254 2979 ad
1274 2913 1472 2982 inferiorem

268 3024 398 3092 Italiam
429 3022 594 3112 appulerit
615 3022 861 3109 Venusismque
892 3045 929 3088 ac
964 3023 1074 3088 natale
1104 3022 1210 3089 solum
1238 3032 1314 3111 post
1334 3021 1473 3108 longam

269 3132 449 3200 absentiam
462 3131 621 3198 reviserit.
648 3131 775 3215 Quibus
789 3153 980 3220 persuasum
992 3142 1052 3213 est,
1067 3129 1308 3219 proscriptione
1330 3132 1471 3198 fundum

270 3251 442 3331 paternum
465 3239 495 3304 ei
520 3249 669 3328 ereptum
705 3260 795 3322 ease,
828 3239 870 3308 iis
900 3240 963 3305 hoc
993 3261 1135 3327 quoquc,
1162 3238 1345 3305 Venusiam
1377 3240 1472 3328 prius

272 3371 346 3416 eum
367 3348 495 3417 venisse
526 3369 621 3434 quam
645 3348 795 3432 Romam,
826 3347 934 3435 magis
965 3348 1095 3414 videtur
1123 3347 1313 3434 probabile:
1345 3347 1473 3414 scilicet

270 3458 326 3526 ubi
348 3459 557 3524 inventurum
580 3477 615 3522 se
637 3464 794 3544 speraret,
817 3455 905 3522 uude
925 3456 1024 3522 vitam
1042 3456 1156 3522 aleret.
1192 3452 1261 3522 Sed
1287 3479 1385 3544 supra
1405 3457 1470 3522 iam

270 3566 425 3650 iudicavi,
455 3576 579 3654 patrem
602 3565 709 3654 ipsum
731 3565 838 3630 videri
858 3563 1048 3632 vendidisse
1078 3564 1235 3649 agellum.
1294 3564 1473 3630 Praeterea

271 3686 365 3766 pater
388 3684 533 3743 mortuus
555 3683 634 3757 erat,
660 3673 791 3760 cognati
812 3672 979 3740 Venusiae
998 3682 1188 3756 nouerant,
1217 3672 1288 3761 ipse
1311 3672 1472 3762 puerulus

269 3787 406 3856 Romam
429 3794 499 3851 erat
521 3793 685 3870 portatus;
709 3783 786 3870 quid
809 3805 891 3869 ergo
912 3782 1003 3869 prius
1023 3792 1061 3847 ut
1082 3782 1117 3848 in
1131 3781 1309 3848 Lucaniam
1326 3782 1390 3848 iret
1410 3803 1468 3870 po-

270 3893 332 3961 tuit
353 3915 427 3960 eunt
453 3893 685 3959 commovere?
707 3891 750 3958 Et
773 3902 883 3958 tamen
897 3911 964 3956 non
981 3889 1169 3972 defuerunt,
1190 3888 1247 3975 qui
1263 3888 1471 3955 coniectandi

269 4001 481 4071 libidine.vel
505 4023 543 4066 eo
566 4001 835 4090 perducerentur,
858 4009 904 4083 ut,
926 4021 1000 4064 eum
1015 3999 1171 4067 Horatius
1188 3999 1259 4087 ipse
1282 3997 1420 4064 dixisset
1431 3997 1470 4079 ¹⁷)

271 4113 311 4180 sd
323 4111 515 4178 Palinurum
529 4109 790 4199 promontorium
811 4108 982 4194 naufragio
1008 4129 1043 4174 se
1063 4129 1167 4196 prope
1181 4108 1368 4174 demersum
1391 4104 1467 4170 olim

271 4243 354 4304 esse,
374 4221 493 4288 factum
514 4218 548 4286 id
573 4239 645 4284 esse
668 4219 702 4284 in
725 4218 788 4283 hoc
810 4238 854 4282 ex
869 4216 1013 4286 Graecia
1030 4217 1064 4282 iu
1083 4215 1263 4282 Lucaniam
1287 4212 1396 4280 reditu
1420 4212 1474 4296 ui<

270 4329 316 4396 hil
340 4329 527 4397 dubitarent
547 4328 721 4396 affirmare.
775 4327 908 4410 Romae
938 4323 967 4390 si
994 4325 1077 4390 fides
1104 4323 1255 4389 habenda
1275 4321 1361 4388 vitae
1385 4320 1468 4388 Sue·

308 4489 352 4560 lo)
371 4487 463 4559 spos.
484 4490 508 4556 1,
530 4489 570 4544 re.
933 4483 976 4550 rr)
997 4481 1085 4540 carm.
1102 4481 1150 4546 111,
1167 4483 1194 4546 4,
1213 4484 1257 4538 aa.

236 4565 239 4570 ’
309 4562 352 4628 re)
372 4559 462 4616 carm.
481 4559 516 4629 11,
538 4562 580 4626 rr,
602 4559 644 4612 ss.
