3125 5225
485 266 634 336 ursan
657 247 797 337 canu.
812 268 856 336 11.

261 452 420 531 Sacrum
442 455 602 531 vetustis
629 468 795 531 exstruat
819 454 933 555 lignis
957 458 1088 533 focum

356 579 467 654 Lassi
492 580 564 655 sub
587 580 795 657 adventum
821 582 905 677 viri,

222 738 249 779 a
267 702 537 803 Olaudensque
561 704 671 780 tertis
697 706 863 781 cratibus
892 706 1032 782 laetum
1059 732 1176 805 pecus

362 829 536 905 Distenta
561 830 676 905 siccet
695 832 826 927 ubera,

263 955 313 1028 Et
333 955 454 1029 borna
479 953 582 1029 dulci
603 956 693 1030 vina
715 980 895 1054 promens
909 957 1028 1033 'dolio

363 1080 490 1177 Dapes
516 1080 705 1178 inemptas
731 1094 912 1180 apparet:

260 1202 351 1278 Non
374 1230 437 1279 me
461 1203 630 1279 Lucrina
653 1203 820 1279 iuverint
844 1205 1045 1306 conchylia

217 1360 244 1402 ω
360 1328 534 1428 Magisve
555 1328 740 1405 rhombus
763 1342 828 1405 aut
850 1331 960 1426 scari,

264 1453 307 1529 Si
334 1478 430 1551 quos
454 1454 544 1527 Eois
569 1453 741 1528 intonata
764 1454 944 1529 fluctibus

363 1578 499 1653 Hiems
525 1577 577 1653 ad
600 1578 675 1652 hoc
700 1590 823 1653 vertat
848 1606 971 1675 mare3

260 1702 350 1778 Non
376 1702 474 1777 Afra
500 1703 582 1779 avis
608 1703 815 1779 descendat
839 1706 880 1780 in
906 1719 1079 1781 ventrem
1101 1734 1239 1807 meum,

363 1828 450 1904 Non
475 1840 629 1927 attagen
653 1826 807 1903 Ionicus

218 1986 243 2026 a
265 1950 477 2028 Iucundior
502 1979 619 2051 quam
644 1953 744 2029 lecta
770 1954 818 2029 de
843 1957 1105 2054 pinguissimis

360 2074 473 2153 Oliva
499 2078 614 2153 ramis
641 2078 822 2153 arborum

263 2202 345 2277 Aut
368 2202 487 2277 herba
510 2201 656 2300 lapathi
680 2215 790 2301 prata
813 2204 973 2279 amantis
999 2219 1037 2280 et
1063 2207 1171 2301 gravi

361 2324 513 2401 Malvae
538 2324 709 2400 salubres
734 2326 886 2423 corpori

257 2450 338 2526 Vel
361 2476 463 2549 agna
487 2452 595 2527 festis
618 2476 728 2526 caesa
749 2450 1029 2529 Terminalibus

215 2615 241 2652 a
361 2574 436 2652 Vel
460 2576 603 2652 haedus
618 2586 778 2674 ‘ereptus
804 2574 910 2676 lupo.

72 2755 391 2900 mertula
408 2756 633 2898 εξεξεξ
683 2757 773 2883 aa
822 2757 1261 2885 εξενεξεεξεξεξ

72 2914 159 2968 rosque
173 2901 302 2956 Instruit
316 2903 517 2970 exspectatque
534 2917 634 2955 sonum
683 2917 769 2954 canae
779 2903 847 2955 sunt
859 2869 991 2971 grabdes,
1004 2902 1105 2970 verice,
1115 2902 1260 2974 gibber-ae.

71 2970 197 3027 redeuntis
213 2973 334 3027 aratri«
351 3001 387 3012 -
400 2971 632 3040 reseruassemus]
684 2970 813 3026 veneant
830 2987 882 3040 pro
905 2975 951 3025 ter
968 2974 1112 3042 penuriam
1132 2989 1260 3043 magno«

71 3041 105 3095 Ne
119 3045 181 3112 quid
203 3044 346 3098 audacter
362 3043 562 3113 dietnmpctes
580 3059 632 3112 pro
683 3041 754 3097 Ptin.
775 3043 808 3096 H.
829 3043 862 3097 N.
885 2989 917 3106 li,
931 3045 980 3096 aaz
1004 3043 1131 3099 »Africae
1148 3044 1202 3099 hoc
1220 3049 1263 3099 est

72 3115 134 3183 ¹⁶5*
149 3123 177 3169 is
193 3123 257 3183 [occ
276 3127 363 3169 esser.
382 3129 515 3184 compara
525 3115 634 3168 Cicero·
683 3114 850 3184 gallicarum
872 3114 1184 3184 genusssdeleagrides),
1202 3117 1262 3186 gib·

71 3200 123 3238 cern
139 3185 264 3271 ΜΝ,
276 3189 324 3248 21,
340 3189 438 3268 620-
454 3189 539 3240 torno
557 3190 620 3239 οιήα
683 3186 790 3268 berum,
809 3185 898 3239 variis
917 3203 1052 3268 sparsum·
1062 3187 1172 3255 plumis,
1190 3203 1261 3269 quae

71 3260 632 3397 ldffl‘iisslllssfflsslil
683 3263 1263 3398 tttffltttttttttttttgtttt

73 3425 101 3436 ·-
116 3401 244 3471 ῑυοήιια]
265 3416 286 3454 e
304 3399 367 3453 lecu
383 3398 504 3452 Lucrino
522 3398 579 3451 Sat.
599 3397 632 3462 ll,
683 3397 784 3452 virus«
809 3427 843 3437 -
855 3401 977 3468 attagen]
998 3398 1070 3452 Plin.
1080 3399 1115 3453 H.
1125 3399 1158 3453 N.
1169 3399 1262 3466 X‚4e:

71 3471 92 3528 4,
107 3472 145 3522 82.
163 3501 197 3511 -
216 3471 308 3542 κυνί]
330 3469 401 3522 Plin.
419 3469 454 3523 Η.
470 3469 506 3524 N.
521 3469 569 3533 IX,
588 3471 633 3522 17:
685 3471 825 3538 »Attegen
845 3469 966 3523 maxime
983 3469 1077 3524 Ionius
1096 3471 1263 3536 celebratur,

74 3537 152 3595 »tunc
168 3559 252 3597 scaro
270 3542 358 3595 datur
376 3541 556 3610 principatus,
586 3539 634 3609 qui
684 3540 788 3595 vocalis
811 3540 888 3604 alias,
920 3547 1018 3610 captus
1042 3558 1109 3595 vero
1134 3543 1260 3596 obmute-

72 3611 133 3664 sclus
151 3615 272 3682 piscium
290 3613 399 3667 dieitur
418 3612 560 3666 ruminare
570 3610 634 3665 her·
684 3628 779 3674 scens,
813 3611 953 3680 quondam
982 3611 1157 3666 existimatus
1187 3614 1262 3668 inter

73 3681 248 3750 bisqueresei,
271 3699 332 3738 non
347 3683 410 3736 aliis
419 3684 551 3753 piscibus,
562 3681 635 3736 mari
684 3699 762 3736 raras
784 3697 856 3736 aves.
884 3682 942 3736 Iam
962 3684 991 3736 et
1007 3685 1036 3736 in
1056 3684 1146 3739 Gallia
1164 3683 1263 3754 Hispa·

71 3749 204 3822 terpstuio
233 3755 360 3810 maxime
382 3754 520 3823 frequens.
566 3753 634 3807 Pro·
684 3753 786 3822 niaque
808 3753 928 3824 capitur,
949 3757 978 3807 st
995 3771 1046 3823 per
1057 3754 1143 3825 Alpes
1153 3757 1261 3810 stiam«

73 3827 227 3881 montonem
245 3825 371 3880 Troadis
388 3825 509 3879 bactron
531 3829 634 3894 sponte
684 3825 805 3879 Martial.
835 3822 917 3889 XIII,
945 3827 994 3878 61:
1027 3825 1120 3881 »Inter
1149 3843 1264 3896 sapores

71 3909 192 3965 nunqnam
207 3899 328 3953 transit.
355 3896 424 3951 Inde
440 3898 572 3951 advectos
588 3895 647 3966 'l'i-¹
685 3895 775 3950 fertur
798 3895 897 3948 alitum
915 3897 1022 3965 primus
1039 3897 1196 3953 Ionicarum
1215 3915 1264 3970 gu·

71 3965 136 4022 herio
155 3969 276 4024 Claudio
304 3967 436 4038 principe
462 3967 584 4038 Optatus
618 3985 634 4020 e
684 3971 744 4020 stus
764 3971 986 4036 attagenamm
1007 3997 1041 4008 -
1068 3970 1184 4041 tapetii]
1204 3969 1263 4024 Sat.

72 4035 165 4094 libertis
181 4043 244 4096 eius
263 4039 429 4110 praefectus
447 4039 544 4094 classis
559 4040 635 4091 inter
684 4037 810 4104 11,4‚29.
827 4031 976 4102 Aetnaeos,
996 4039 1082 4094 latine
1101 4061 1205 4094 remes.
1225 4069 1261 4080 -

74 4105 211 4166 Ostiensem
229 4112 442 4180 etOempaniae
461 4127 540 4164 orem
556 4126 634 4180 spar-
684 4109 800 4178 nataae]
822 4109 911 4163 Germ.
924 4109 946 4176 1,
957 4112 999 4177 31,
1014 4113 1054 4166 16.
1091 4110 1212 4164 Martial.
1224 4110 1257 4174 X,

73 4195 107 4231 ὀι
121 4182 473 4254 mamaeam-noes]
482 4181 634 4251 praecipue
683 4182 728 4244 48,
747 4184 776 4234 7:
798 4179 1023 4235 »Exoneraturas
1038 4185 1165 4236 ventrem
1190 4181 1260 4234 milri

72 4245 157 4316 Syriae.
173 4285 205 4294 ·—
216 4261 348 4308 intonata
380 4269 443 4306 cum
461 4254 569 4307 tonitru
583 4253 635 4305 im·
684 4251 776 4306 villice
793 4251 1040 4307 malvesAttulit.‹
1054 4281 1087 4294 -·
1103 4255 1261 4306 Terminali-

72 4321 153 4394 πείσαις
169 4330 286 4395 preter
302 4323 331 4378 h.
363 4339 446 4379 .n0n
464 4325 576 4378 videtur
594 4322 635 4376 in·
684 4323 743 4394 les]
754 4340 779 4376 a,
787 4323 872 4376 evn
880 4323 943 4377 Kal.
958 4323 1041 4378 Mart.
1051 4321 1130 4377 Ouid
1140 4323 1215 4377 Fast.
1224 4323 1260 4388 11,

73 4395 144 4448 veniri
163 4399 233 4453 haec
250 4395 362 4465 lorme3
382 4395 451 4449 des'
491 4393 633 4449 illectione
684 4395 751 4448 658:
773 4394 938 4465 »Spargitur
958 4399 988 4449 et
1005 4410 1088 4449 cessa
1104 4395 1259 4449 communis

73 4468 149 4521 lmen
168 4468 332 4538 comparari
349 4471 445 4537 potest
486 4465 632 4530 stabul,
683 4465 831 4519 Terminus
858 4481 957 4536 agnes
991 4495 1025 4509 -
1054 4477 1161 4536 ereptus
1186 4466 1259 4536 lupe]

74 4535 126 4590 188:
153 4540 297 4609 »occupat
320 4555 353 4594 os
379 4539 551 4608 barbamque
577 4537 633 4592 riri
683 4536 766 4592 Parci
784 4537 924 4606 agricolae
943 4553 998 4590 non
1011 4539 1137 4592 mactant
1148 4537 1261 4604 haedos,

73 4605 185 4678 demque
203 4625 330 4681 superne
348 4609 489 4664 Intonat«
512 4637 543 4648 -
564 4614 634 4679 Assa
683 4607 734 4663 sed
755 4609 823 4678 lupo
848 4611 962 4677 ereptos
988 4611 1017 4661 et
1040 4606 1097 4660 ism
1114 4607 1259 4664 admorsos
