3125 5225
823 218 870 291 10

248 420 377 485 videret
395 413 563 485 hominem
585 406 837 504 integerrimum
860 441 994 506 unoque
1017 429 1051 483 et
1071 441 1151 486 vere
1183 419 1307 507 panias
1337 439 1460 483 amore

251 530 430 606 ardentem,
459 538 527 594 mm
552 550 594 595 ne
615 530 683 617 ipse
707 523 840 613 quidem
862 529 1005 594 studium
1028 552 1094 613 quo
1115 530 1173 597 has
1193 536 1305 616 partes
1327 526 1462 615 ample·

253 639 399 703 etebetur
420 636 594 703 simulavit.
648 636 697 701 At
716 656 796 699 vere
820 658 860 701 ea
881 635 1126 724 exspectatione
1148 646 1352 725 quantopere
1375 655 1463 698 eum

254 747 293 811 ab
319 745 380 810 hee
403 754 496 833 parte
519 744 600 809 nihil
632 765 735 832 prope
768 744 829 809 nisi
859 743 976 831 privati
1007 742 1171 809 commodi
1185 741 1371 828 aucupium
1401 762 1462 805 re-

254 874 359 937 gnare
379 853 609 937 intellexisset,
642 852 801 940 deeeptus
833 852 875 916 ait
898 873 998 941 supra
1019 853 1082 917 iam
1106 851 1229 917 dietum
1250 860 1311 917 est.
1362 849 1463 932 Quid

255 962 361 1047 ergo?
405 960 506 1028 Bruto
527 962 710 1029 voluntaria
733 968 838 1027 morte
862 982 1022 1048 oppresse
1045 961 1230 1027 libertatem
1252 958 1460 1046 populeRo·

201 1138 204 1150 ,
255 1092 350 1135 meno
378 1071 502 1136 servari
534 1093 573 1138 ee
601 1071 666 1135 iam
699 1078 805 1137 aetate
832 1092 898 1135 non
928 1091 1037 1157 posse,
1068 1070 1163 1137 bellis
1192 1066 1342 1133 civilibus
1369 1066 1461 1133 nihil

256 1198 327 1244 esse
360 1176 586 1264 perniciosius,
618 1178 684 1243 fato
716 1176 788 1264 ipso
811 1176 979 1243 deminum
1010 1175 1150 1262 imperio
1178 1174 1298 1262 parari,
1328 1174 1461 1241 nemini

254 1298 324 1353 tum
352 1309 418 1351 nen
450 1287 512 1351 fuit
540 1286 673 1369 clarum,
703 1285 768 1351 nisi
797 1285 852 1371 qui
880 1284 979 1350 nimia
1007 1283 1105 1349 animi
1133 1283 1302 1349 atrocitate
1336 1283 1460 1347 duetus

257 1393 319 1459 diis
338 1394 416 1481 ipsis
440 1414 536 1481 posse
558 1392 737 1479 repugnari
758 1391 951 1484 confideret.
1003 1390 1071 1459 Sed
1102 1414 1169 1457 nen
1196 1390 1295 1465 multi
1319 1392 1463 1457 fuerunt

256 1502 409 1570 Catones.
463 1500 505 1567 Et
535 1502 620 1567 bene
650 1499 793 1587 quidem.
848 1497 962 1567 Otium
992 1509 1026 1564 et
1055 1520 1170 1586 pacem
1193 1519 1290 1582 quem
1309 1499 1461 1563 maxime

142 1666 145 1673 .
255 1609 397 1697 petenda
419 1631 490 1675 esse
513 1632 585 1676 omn
609 1609 739 1696 optimis
762 1608 943 1695 quibusque
954 1606 1112 1694 Horatius
1134 1605 1341 1671 existimavit.
1366 1606 1460 1674 Inde

256 1718 361 1806 primo
386 1720 449 1784 iam
472 1729 545 1806 pest
565 1716 693 1783 cladem
719 1715 962 1804 Philippensem
985 1736 1071 1779 anne
1094 1713 1193 1797 (713),
1224 1736 1298 1781 eum
1328 1715 1461 1780 bellum

257 1827 454 1895 Perusinum
476 1827 670 1906 immineret,
692 1825 902 1909 conqueritur
923 1824 1029 1910 Eped.
1054 1824 1108 1891 16:

355 1935 473 2001 Altera
493 1935 558 2001 iam
581 1934 695 1999 teritur
717 1934 814 2001 bellis
837 1933 988 1999 civilibus
1011 1942 1111 2017 aetas,

383 2040 458 2111 Suis
479 2052 512 2107 et
531 2042 604 2130 ipse
622 2042 725 2108 Roma
748 2040 872 2106 viribus
892 2041 966 2107 ruit.

256 2159 290 2216 et
311 2152 407 2217 tertio
430 2172 513 2217 enno
537 2160 611 2238 pest
632 2149 738 2235 Epod·
763 2152 793 2232 t,
816 2149 847 2213 l:

356 2258 442 2342 Quo,
464 2279 527 2345 que
549 2256 679 2323 scelesti
701 2255 817 2321 ruitis?
839 2265 895 2320 aut
917 2256 976 2321 eur
998 2254 1145 2321 dexteris

383 2366 549 2454 Aptantur
571 2386 666 2430 enses
690 2364 841 2431 conditi?

257 2460 377 2539 deinde
398 2497 428 2540 v.
445 2475 465 2539 9
481 2496 569 2561 sqq:

356 2580 426 2650 Sed
446 2592 483 2648 ut
506 2582 686 2649 seeundum
708 2591 784 2648 vota
805 2580 1001 2647 Parthorum
1024 2603 1082 2648 sua

319 2669 329 2688 .
383 2691 474 2760 Urbs
496 2691 577 2756 haee
597 2691 722 2779 periret
743 2691 890 2757 dextera.

359 2797 475 2885 Neque
499 2800 551 2867 hie
571 2800 658 2890 lupis
680 2822 750 2866 mos
773 2820 836 2864 nee
857 2799 919 2864 fuit
940 2798 1089 2866 leonibus

382 2907 536 2993 Unquam
558 2909 619 2976 uisi
640 2911 675 2974 in
696 2907 807 2995 dispar
829 2906 921 2980 feris,

361 3016 511 3084 Purorne
535 3039 648 3084 caesus
669 3039 710 3081 en
734 3016 819 3104 rapit
842 3015 890 3081 vis
911 3014 1042 3080 aerior?

387 3126 443 3191 An
467 3127 589 3214 eulpa?

260 3233 353 3299 Haec
373 3233 476 3320 igitur
498 3233 563 3296 iam
586 3241 678 3316 tune;
712 3231 928 3299 Octavianum
957 3241 1065 3296 autem
1091 3252 1146 3296 res
1170 3231 1204 3294 in
1225 3229 1321 3296 Italia
1344 3241 1460 3296 tenen·

259 3352 325 3408 tem
357 3343 428 3427 quis
459 3365 526 3408 non
557 3343 727 3431 perspexit
761 3343 863 3407 multo
894 3341 1166 3429 praestantiorem
1196 3361 1269 3405 esse
1298 3339 1462 3422 Antonio,

261 3451 316 3538 qui
340 3449 535 3539 Cleopatrae
558 3461 589 3516 et
612 3452 763 3538 lnxqriae
791 3450 958 3518 illeeebris
985 3459 1099 3538 eaptus
1130 3448 1291 3538 quidquid
1310 3448 1461 3516 Romano

260 3559 393 3626 nomine
416 3559 551 3645 dignum
573 3558 746 3624 videbatur
767 3559 875 3624 amisit
906 3559 1026 3624 abiecit
1055 3557 1207 3644 perdidit.
1259 3555 1324 3638 Qui
1353 3555 1381 3619 ei
1412 3557 1461 3620 vi-

261 3677 331 3733 etor
352 3689 396 3734 ex
415 3667 549 3734 instanti
569 3677 601 3733 et
621 3667 804 3734 inevitabili
826 3668 1007 3734 certamine
1035 3664 1193 3754 prodiret,
1228 3663 1308 3750 quid
1335 3663 1460 3729 fartum

260 3785 347 3842 esset
370 3775 411 3840 de
431 3775 535 3840 Roma
555 3776 647 3858 urbe,
670 3776 711 3841 de
736 3784 805 3841 toto
829 3775 980 3864 imperio,
1015 3773 1057 3838 de
1088 3773 1261 3860 disoiplina
1282 3763 1460 3837 Romana?

261 3881 351 3964 Quid
372 3883 459 3970 quod
483 3881 659 3971 Cleopatra
689 3892 722 3948 et
749 3882 922 3969 spadones
955 3880 1111 3947 mollities
1144 3889 1177 3944 et
1206 3878 1312 3944 omnis
1336 3877 1460 3944 Asiati-

260 4011 374 4056 eerum
405 4011 584 4075 regnorum
612 3989 713 4076 pestis
743 3989 871 4054 ltaliam
902 3999 936 4054 et
965 3987 1091 4056 Urbem
1115 3983 1310 4052 irruissent?
1369 3985 1460 4068 Quid

259 4098 362 4186 igitur
381 4099 508 4178 mirum,
543 4097 631 4184 quod
655 4097 812 4164 Horatius
835 4097 957 4163 sensim
981 4093 1196 4162 Octavianum
1226 4116 1325 4159 unum
1359 4093 1458 4160 habe-

261 4219 322 4292 ret,
345 4209 400 4294 qui
422 4210 582 4274 honorem
604 4219 636 4272 et
658 4207 851 4294 dignitatem
873 4207 1053 4274 Romanam
1075 4203 1172 4268 tutari
1197 4212 1230 4267 et
1250 4204 1290 4267 eb
1311 4211 1460 4267 extrema

261 4318 407 4404 pernicie
430 4338 561 4382 servare
583 4325 617 4382 et
642 4316 745 4382 vellet
776 4326 809 4382 et
832 4315 967 4403 posset?
1020 4313 1117 4380 Hane
1146 4333 1240 4399 spem
1267 4332 1459 4398 expressam

261 4425 418 4492 hebemus
441 4425 657 4515 Epod.13,l
682 4447 768 4512 sqq:

216 4548 220 4554 ’
362 4533 484 4603 Cetera
505 4535 597 4600 mitte
619 4533 724 4622 loqui:
746 4533 828 4600 deus
849 4533 931 4598 haee
952 4535 1091 4598 fortasse
1111 4529 1255 4614 benigna
