3125 5225
289 269 353 336 500
729 262 1071 336 EPISTOLARUM.

342 458 428 549 Quo
451 457 545 532 mihi
572 457 776 552 fortunam,
801 457 934 532 sinon
962 454 1185 537 conceditur
1208 453 1291 528 uti?
1331 516 1334 525 .

341 585 481 661 Parcus
505 584 555 659 ob
580 583 734 661 heredis
760 608 892 658 curam
917 581 1158 686 nimiumque
1180 602 1334 655 severus

341 707 496 784 Assidet
520 709 676 804 insan03
704 721 838 806 potare
863 719 901 782 et
922 716 1107 804 'spargere
1129 703 1245 781 flores

291 865 315 906 ιε
339 834 524 933 Incipiam
552 833 752 932 patiarque
779 832 841 908 vel
865 830 1102 908 inconsultus
1131 829 1277 906 haberi.

342 957 446 1050 Quid
472 983 550 1033 non
575 957 739 1034 ebrietas
766 955 970 1055 designat?
1018 954 1166 1052 Operta
1191 951 1366 1046 recludit,

340 1082 435 1180 Spes
460 1081 566 1156 iubet
592 1107 674 1158 esse
699 1093 813 1176 ratos,
841 1080 891 1156 ad
917 1078 1067 1178 proelia
1090 1078 1212 1154 trudit
1233 1077 1408 1170 inertem,

339 1205 518 1282 Sollicitis
544 1205 683 1282 animis
709 1231 805 1280 onus
831 1205 971 1306 eximit,
998 1204 1163 1280 addocet
1186 1216 1298 1280 artes.

339 1329 509 1406 Fecundi
536 1330 672 1406 calices
700 1355 815 1428 quem
840 1354 921 1405 non
947 1331 1075 1406 fecere
1100 1329 1315 1405 disertam?
1371 1380 1375 1385 -

289 1487 315 1526 ει
343 1457 546 1534 Contracta
573 1480 686 1553 quem
714 1481 793 1530 non
819 1455 860 1530 in
887 1466 1113 1552 paupertate
1137 1453 1336 1528 solutum?

266 1631 271 1648 .
339 1579 447 1655 Haeo
465 1603 537 1677 ego
562 1604 775 1676 procurare
802 1591 839 1653 et
862 1577 1025 1654 idoneus
1048 1577 1219 1675 imperor
1244 1590 1282 1653 et
1303 1604 1384 1652 non

338 1703 496 1798 Invitus,
521 1727 571 1778 ne
597 1714 710 1799 turpe
735 1700 846 1796 toral,
875 1726 924 1775 ne
949 1699 1107 1776 sordida
1134 1724 1277 1799 mappa

342 1829 532 1926 Corruget
557 1852 678 1922 nares,
706 1851 754 1903 ne
780 1852 860 1901 non
885 1837 924 1901 et
949 1825 1151 1900 cantharus
1173 1837 1212 1900 et
1233 1825 1324 1900 lanx

288 2023 404 2080 offendit
436 2025 530 2081 antem
562 2024 745 2090 Meinekium,
785 2022 860 2095 quod
913 2021 1032 2078 antehac
1054 2021 1130 2078 facta
1152 2025 1227 2091 sunt,
1255 2021 1378 2078 Omitto:
1403 2021 1478 2076 modo

289 2097 366 2150 nullo
387 2099 472 2165 pacto
493 2093 567 2152 effici
584 2097 684 2167 possit,
714 2100 748 2152 ut
765 2101 862 2151 auctu·
914 2093 982 2166 quid
1007 2093 1195 2166 designanti«
1227 2093 1363 2163 explicat:
1395 2093 1477 2148 »desi-

288 2166 388 2222 mnalis
406 2183 462 2221 nox
479 2167 529 2222 fiat
545 2167 660 2223 aestiva.
703 2169 736 2222 ln
760 2185 815 2238 qua
831 2182 863 2222 re
912 2182 1000 2238 gnare
1026 2170 1071 2220 cst
1100 2181 1159 2220 rem
1192 2183 1294 2220 novam
1328 2164 1419 2221 tacere
1451 2163 1478 2217 in

288 2237 371 2292 nimis
389 2237 488 2294 anxius
505 2239 575 2309 suit3
604 2256 640 2293 nc
670 2256 722 2294 nos
749 2239 863 2308 quidem
913 2239 1060 2307 utramque
1078 2242 1196 2307 partem,
1217 2241 1246 2291 et
1265 2238 1373 2294 bonam
1390 2238 1478 2291 etms-

288 2307 449 2364 dubitamus
464 2310 670 2366 anctumnalem
688 2316 809 2376 noctem,
828 2310 863 2365 si·
912 2307 991 2363 laum
1023 2338 1057 2349 -
1083 2307 1188 2380 operta]
1208 2304 1244 2363 ci.
1263 2305 1357 2363 carm
1374 2305 1422 2372 llL
1439 2309 1478 2368 21,

289 2380 401 2449 quidem
419 2381 510 2436 calida
535 2385 578 2435 est
605 2399 638 2436 sc
666 2381 751 2446 mitis,
768 2381 863 2436 aesti-
914 2382 954 2434 14.
981 2379 1070 2449 Epcd.
1093 2381 1135 2444 11,
1155 2381 1196 2432 14.
1224 2379 1281 2435 Sat.
1301 2377 1326 2444 1,
1343 2382 1371 2443 4.
1388 2379 1430 2434 89.
1448 2408 1475 2416 -

289 2467 351 2508 vam
368 2450 519 2520 appellare.
553 2481 587 2492 -·
619 2474 670 2524 qao
688 2458 754 2507 mitt
771 2459 862 2522 [orta—
912 2449 984 2522 spes]
1010 2450 1045 2506 cf.
1072 2449 1160 2504 Carm.
1179 2449 1234 2514 III,
1259 2454 1311 2515 21,
1331 2453 1365 2506 17
1386 2467 1426 2518 sq.
1451 2476 1477 2487 -

288 2522 362 2592 nass]
389 2539 426 2576 so.
446 2521 541 2578 datam
559 2539 621 2579 esse
645 2521 771 2592 credam3
797 2540 862 2579 nam
912 2526 1024 2577 inertem
1064 2519 1111 2576 Sic
1135 2527 1212 2576 recte
1236 2519 1422 2592 antiquissimi
1439 2533 1479 2575 co·

289 2614 340 2665 quc
359 2593 388 2649 in
406 2590 458 2650 bac
478 2593 598 2663 formula
615 2598 659 2650 esi
684 2599 756 2665 quei,
778 2617 862 2719 Ipsor-
910 2591 988 2648 (lices
1044 2591 1161 2647 landinii
1193 2597 1223 2648 et
1256 2592 1318 2663 alii3
1355 2599 1477 2655 ineman

288 2686 354 2719 sam.
385 2662 429 2728 Sic
447 2684 504 2721 non
521 2684 593 2720 raro.
613 2665 731 2721 Phaedr.
749 2662 799 2731 ll,
820 2667 863 2730 18,
911 2664 986 2734 quod
1001 2664 1031 2718 in
1047 2663 1109 2719 aliis
1125 2682 1183 2719 non
1201 2662 1281 2721 malis
1298 2662 1327 2719 le

287 2737 319 2818 91
341 2734 417 2818 {Quo
432 2736 479 2801 mi,
499 2737 599 2807 inquit,
612 2740 718 2791 mutarn
731 2738 861 2807 speciem,
911 2735 1094 2790 reiiciendum
1122 2732 1243 2800 videtur,
1272 2661 1480 2806 quodiilisrniidisi

288 2824 312 2860 ει
328 2822 427 2863 smcor
446 2808 551 2863 sonci«
580 2807 861 2873 castrationem:
911 2804 1111 2861 describendus
1130 2809 1191 2861 erat
1209 2824 1227 2860 a
1243 2812 1339 2879 poeta,
1367 2823 1424 2862 non
1441 2820 1481 2859 cs·

290 2876 366 2945 »Quo
385 2878 438 2933 tibi
457 2878 578 2943 divitiss,
598 2880 622 2935 si
635 2897 744 3006 semper
755 2896 862 2949 pauper
911 2894 958 2932 sus
977 2894 1033 2947 quo
1050 2878 1113 2948 quis
1131 2876 1246 2932 inermis
1264 2880 1315 2933 est.
1341 2877 1377 2934 cf.
1387 2876 1443 2937 cic.
1454 2876 1481 2928 in

287 2948 450 3006 abundant«
472 2950 528 3006 Cin
549 2950 585 3005 sd
604 2950 681 3005 Fam.
717 2950 860 3019 11,23,2:
912 2948 991 3004 Catil
1019 2948 1111 3017 11,5‚
1131 2952 1172 3004 10.
1210 2978 1238 2989 -
1278 2948 1403 3019 moces]
1425 2946 1482 3002 Hoc

290 3018 405 3075 »Martis
423 3038 490 3075 vero
503 3022 678 3091 signumquo
697 3020 765 3075 mihi
784 3022 861 3091 pacis
911 3020 1027 3075 verbum
1057 3022 1171 3089 praeter
1201 3018 1275 3075 hunc
1305 3019 1401 3077 locum
1429 3033 1481 3073 non

288 3090 433 3145 auctorit«
452 3090 596 3147 Sententia
616 3097 709 3147 autem
721 3092 861 3163 generalis
911 3091 1021 3146 videtur
1038 3090 1159 3145 inveniri
1176 3090 1232 3145 nisi
1249 3089 1336 3147 semel
1354 3090 1430 3162 apud
1443 3087 1482 3142 Ci-

288 3165 340 3225 est,
367 3162 396 3216 in
423 3180 479 3233 qua
505 3166 596 3233 prima
622 3181 742 3235 persona
766 3180 861 3219 omnes
910 3178 1040 3217 neronem
1057 3179 1113 3243 pro
1134 3160 1244 3217 cluent.
1264 3164 1309 3229 37,
1329 3165 1394 3218 104:
1423 3158 1482 3215 ›sd-

287 3248 370 3304 saepe
390 3236 515 3289 utuntur.
537 3265 568 3275 -
588 3236 700 3307 assidet]
717 3236 861 3305 proximus
910 3230 988 3287 docti
1006 3232 1139 3287 ladmen«
1164 3232 1272 3288 Eadem
1289 3234 1401 3289 ratione
1419 3230 1483 3287 dici·

288 3308 317 3358 et
337 3304 493 3360 simillimus
512 3308 565 3361 est.
600 3304 659 3361 Hac
687 3306 799 3375 tropice
825 3306 861 3359 si·
910 3308 958 3358 tur
975 3307 1114 3359 addiscere
1136 3304 1192 3360 Cic.
1209 3304 1318 3360 Senect.
1337 3306 1364 3369 8,
1383 3306 1426 3358 26.
1451 3332 1482 3343 -

287 3372 482 3445 gnificstione‚
507 3378 542 3431 sb
570 3376 713 3433 ordinibus
738 3376 861 3434 theatro·
910 3376 1018 3444 secundi
1039 3374 1151 3446 calices]
1170 3375 1277 3445 copiosi
1295 3382 1325 3432 et
1345 3373 1483 3430 abundan-
1529 3435 1530 3444 ¹

288 3448 464 3516 rumpente,
495 3452 527 3502 ut
545 3448 664 3514 videtur,
693 3443 768 3510 ἅπαξ
784 3442 860 3518 tsyo'-
910 3450 962 3501 tes.
991 3444 1150 3502 Notandum
1169 3464 1257 3516 genus
1275 3452 1320 3503 cst
1340 3445 1422 3502 hcine
1439 3462 1483 3500 rc·

286 3532 374 3589 μενον
391 3522 443 3573 est.
469 3516 550 3585 Quod
569 3520 708 3590 quomodo
728 3520 757 3574 in
775 3536 861 3589 prosa
910 3517 1011 3581 sabuli,
1033 3534 1087 3585 quc
1105 3516 1199 3573 Latini
1219 3519 1255 3574 ab
1272 3536 1325 3573 usu
1337 3518 1445 3573 Graeco
1457 3514 1480 3585 f

288 3587 427 3714 ttttttt
445 3590 590 3730 ttttlt
607 3590 768 3732 limidi·
784 3593 860 3716 tt*
909 3581 994 3714 'illd
1011 3596 1258 3724 liil'l‘ulle‘s
1273 3586 1484 3715 ttttttt

287 3728 396 3783 debat«
415 3758 444 3769 ·-
454 3752 583 3803 sparpsre
600 3734 690 3805 fiores]
712 3732 800 3789 Carm.
811 3730 860 3801 ΙΠ,
911 3730 1038 3785 ordinem
1054 3699 1212 3796 ieibomm,
1223 3703 1293 3803 ’qno
1310 3730 1484 3803 prohibitum

289 3802 329 3867 19,
350 3803 393 3854 22.
910 3803 954 3857 est
982 3818 1018 3856 ne
1049 3803 1099 3855 sut
1124 3820 1226 3857 nomen
1250 3816 1414 3875 paupertate
1442 3800 1484 3856 bis

321 3869 354 3925 V.
369 3872 410 3925 16.
442 3872 575 3945 dampnas]
596 3870 717 3927 Difficile
734 3871 788 3928 lroc
813 3890 861 3928 vc·
909 3877 1063 3942 poneretur
1087 3877 1136 3926 sut
1163 3874 1313 3930 molestum
1329 3888 1484 3944 pronomen

286 3942 415 3997 nabulum
443 3941 492 3998 alii
519 3944 601 3999 sliter
625 3944 871 4013 interpretantur.
911 3966 943 3998 ea
971 3944 1086 4001 deberet
1110 3943 1217 4000 inferri.
1255 3944 1376 4001 Orellius
1394 3950 1485 4000 tamen

285 4012 441 4085 Porphyrio
475 4014 550 4071 idem
586 4032 649 4069 esse
686 4014 757 4071 dicit
785 4014 861 4085 quod
908 4017 1025 4072 solatum
1036 4014 1143 4070 mavult
1160 4017 1288 4073 absolute
1304 4017 1484 4087 acciperent

287 4092 376 4157 aperit
398 4102 436 4141 sc.
447 4086 522 4209 (pucd
530 4087 671 4158 signatum
688 4092 717 4141 et
735 4088 861 4143 clausum
908 4090 953 4142 est
982 4086 1058 4157 apud
1089 4086 1144 4142 cie.
1169 4088 1249 4144 Verr.
1277 4088 1342 4144 Act.
1370 4086 1413 4153 11,
1436 4088 1482 4142 75:

285 4159 361 4225 erst3
395 4159 424 4210 et
466 4156 555 4213 evitet
589 4156 742 4227 significari
775 4164 804 4213 st
830 4159 860 4213 in
912 4157 1025 4213 »animo
1063 4174 1173 4228 semper
1209 4163 1298 4215 soluto
1338 4158 1485 4225 liberoque

286 4227 424 4297 quandam
454 4230 690 4283 remorationem
720 4230 860 4285 vocandas
908 4233 995 4285 eret«
1032 4258 1062 4269 -
1094 4230 1221 4301 imperor]
1255 4248 1307 4302 pro
1334 4235 1484 4301 imperatur

285 4314 347 4353 esse
375 4299 402 4352 la
423 4316 489 4354 enas
551 4299 672 4356 hmidius
699 4298 858 4357 affirmavit.
908 4306 982 4355 mitt.
1019 4296 1066 4355 Sic
1086 4298 1120 4355 A.
1141 4300 1173 4355 P.
1193 4302 1228 4357 66
1247 4306 1378 4357 tesideer.
1425 4297 1486 4370 Ipse

287 4368 391 4441 Comm.
403 4316 485 4495 drap.
498 4370 540 4453 ¹sd
555 4370 582 4425 h.
597 4370 615 4425 l.
633 4370 717 4425 habet
734 4372 857 4442 glossam
908 4375 1001 4427 autem
1018 4374 1071 4436 est,
1090 4370 1138 4441 qui
1149 4372 1202 4428 sibi
1214 4372 1343 4443 imperat.
1356 4400 1391 4412 -
1402 4370 1485 4494 namq

285 4442 363 4508 sacis,
392 4440 429 4495 ad
476 4440 670 4513 pist.1,7‚6
697 4442 773 4497 idem
798 4459 859 4500 esse
908 4441 972 4498 vide
990 4441 1028 4499 sd
1045 4442 1104 4497 Sst.
1120 4442 1247 4511 11‚4,er.
1265 4444 1308 4500 De
1325 4460 1372 4504 ms
1393 4459 1466 4513 pas

284 4508 326 4565 sit
352 4511 428 4580 quod
449 4516 617 4639 resistendam.
671 4512 798 4569 Donatus
822 4514 859 4571 ad
908 4512 967 4572 sat.
984 4515 1019 4581 II,
1038 4517 1064 4580 8,
1084 4517 1127 4571 63.
1148 4545 1181 4555 -
1209 4512 1344 4587 nerrapet]
1395 4514 1486 4595 nintil.

284 4580 398 4635 Terent.
419 4582 471 4638 Ad.
504 4586 592 4653 ,1,71
613 4582 702 4643 »Nam
720 4586 768 4641 illa
787 4603 858 4656 qnae
908 4584 1071 4653 Χ1,3,80;
1096 4584 1232 4642 »Naribus
1249 4585 1396 4655 labrisque
1415 4586 1485 4641 den·
