<?xml version="1.0" encoding="UTF-8"?>
<!DOCTYPE html PUBLIC "-//W3C//DTD XHTML 1.0 Transitional//EN"
    "http://www.w3.org/TR/xhtml1/DTD/xhtml1-transitional.dtd">
<html xmlns="http://www.w3.org/1999/xhtml" xml:lang="en" lang="en">
 <head>
  <title>
</title>
<meta http-equiv="Content-Type" content="text/html;charset=utf-8" />
  <meta name='ocr-system' content='tesseract 3.04.00' />
  <meta name='ocr-capabilities' content='ocr_page ocr_carea ocr_par ocr_line ocrx_word'/>
</head>
<body>
  <div class='ocr_page' id='page_1' title='image "./qhoratiiflaccio01dillgoog/qhoratiiflaccio01dillgoog_0125.png"; bbox 0 0 3125 5225; ppageno 0'>
   <div class='ocr_carea' id='block_1_1' title="bbox 439 281 879 352">
    <p class='ocr_par' dir='ltr' id='par_1_1' title="bbox 439 281 879 352">
     <span class='ocr_line' id='line_1_1' title="bbox 439 281 879 352; baseline 0.005 -4"><span class='ocrx_word' id='word_1_1' title='bbox 439 281 525 349; x_wconf 91' lang='lat' dir='ltr'>LIB.</span> <span class='ocrx_word' id='word_1_2' title='bbox 544 281 567 348; x_wconf 93' lang='lat' dir='ltr'><strong>l.</strong></span> <span class='ocrx_word' id='word_1_3' title='bbox 591 281 729 351; x_wconf 81' lang='lat' dir='ltr'>OARM.</span> <span class='ocrx_word' id='word_1_4' title='bbox 752 283 879 352; x_wconf 81' lang='lat' dir='ltr'>XXIX.</span> 
     </span>
    </p>
   </div>
   <div class='ocr_carea' id='block_1_2' title="bbox 311 467 944 698">
    <p class='ocr_par' dir='ltr' id='par_1_2' title="bbox 311 467 944 698">
     <span class='ocr_line' id='line_1_2' title="bbox 311 467 886 549; baseline 0.01 -6"><span class='ocrx_word' id='word_1_5' title='bbox 311 467 397 544; x_wconf 90' lang='lat' dir='ltr'><strong>Non</strong></span> <span class='ocrx_word' id='word_1_6' title='bbox 424 484 511 547; x_wconf 88' lang='lat' dir='ltr'><strong>ante</strong></span> <span class='ocrx_word' id='word_1_7' title='bbox 538 471 697 547; x_wconf 83' lang='lat' dir='ltr'><strong>devictis</strong></span> <span class='ocrx_word' id='word_1_8' title='bbox 717 472 886 549; x_wconf 78' lang='lat' dir='ltr'><strong>Sabaeae</strong></span> 
     </span>
     <span class='ocr_line' id='line_1_3' title="bbox 358 595 944 698; baseline 0.005 -29"><span class='ocrx_word' id='word_1_9' title='bbox 358 595 526 694; x_wconf 76' lang='lat' dir='ltr'>Regibus</span> <span class='ocrx_word' id='word_1_10' title='bbox 552 597 807 698; x_wconf 79' lang='lat' dir='ltr'>horribilique</span> <span class='ocrx_word' id='word_1_11' title='bbox 827 597 944 673; x_wconf 88' lang='lat' dir='ltr'><strong>Medo</strong></span> 
     </span>
    </p>
   </div>
   <div class='ocr_carea' id='block_1_3' title="bbox 235 743 1066 1220">
    <p class='ocr_par' dir='ltr' id='par_1_3' title="bbox 235 743 1066 1220">
     <span class='ocr_line' id='line_1_4' title="bbox 235 743 1066 844; baseline 0.007 -28"><span class='ocrx_word' id='word_1_12' title='bbox 235 743 386 819; x_wconf 83' lang='lat' dir='ltr'><strong>sNectis</strong></span> <span class='ocrx_word' id='word_1_13' title='bbox 411 749 588 822; x_wconf 83' lang='lat' dir='ltr'><strong>catenas?</strong></span> <span class='ocrx_word' id='word_1_14' title='bbox 640 746 749 839; x_wconf 83' lang='lat' dir='ltr'><strong>Quae</strong></span> <span class='ocrx_word' id='word_1_15' title='bbox 774 747 845 821; x_wconf 93' lang='lat' dir='ltr'><strong>tibi</strong></span> <span class='ocrx_word' id='word_1_16' title='bbox 871 747 1066 844; x_wconf 79' lang='lat' dir='ltr'><strong>virginum</strong></span> 
     </span>
     <span class='ocr_line' id='line_1_5' title="bbox 261 868 949 966; baseline 0.004 -22"><span class='ocrx_word' id='word_1_17' title='bbox 261 868 407 966; x_wconf 84' lang='lat' dir='ltr'><strong>Sponso</strong></span> <span class='ocrx_word' id='word_1_18' title='bbox 433 881 566 944; x_wconf 88' lang='lat' dir='ltr'><strong>necato</strong></span> <span class='ocrx_word' id='word_1_19' title='bbox 593 869 757 946; x_wconf 89' lang='lat' dir='ltr'><strong>barbara</strong></span> <span class='ocrx_word' id='word_1_20' title='bbox 782 871 949 947; x_wconf 77' lang='lat' dir='ltr'><strong>serviet?</strong></span> 
     </span>
     <span class='ocr_line' id='line_1_6' title="bbox 308 990 879 1094; baseline 0 -25"><span class='ocrx_word' id='word_1_21' title='bbox 308 995 409 1070; x_wconf 87' lang='lat' dir='ltr'><strong>Puer</strong></span> <span class='ocrx_word' id='word_1_22' title='bbox 435 990 520 1094; x_wconf 67' lang='lat' dir='ltr'><strong>buis</strong></span> <span class='ocrx_word' id='word_1_23' title='bbox 547 1023 592 1071; x_wconf 86' lang='lat' dir='ltr'><strong>ex</strong></span> <span class='ocrx_word' id='word_1_24' title='bbox 617 995 706 1070; x_wconf 88' lang='lat' dir='ltr'><strong>aule</strong></span> <span class='ocrx_word' id='word_1_25' title='bbox 729 993 879 1092; x_wconf 79' lang='lat' dir='ltr'><strong>capillis</strong></span> 
     </span>
     <span class='ocr_line' id='line_1_7' title="bbox 358 1117 987 1220; baseline 0 -26"><span class='ocrx_word' id='word_1_26' title='bbox 358 1117 422 1194; x_wconf 83' lang='lat' dir='ltr'><strong>Ad</strong></span> <span class='ocrx_word' id='word_1_27' title='bbox 448 1120 626 1220; x_wconf 81' lang='lat' dir='ltr'><strong>cyathum</strong></span> <span class='ocrx_word' id='word_1_28' title='bbox 652 1131 839 1196; x_wconf 84' lang='lat' dir='ltr'><strong>statuetur</strong></span> <span class='ocrx_word' id='word_1_29' title='bbox 863 1119 987 1220; x_wconf 82' lang='lat' dir='ltr'><strong>unctis</strong></span> 
     </span>
    </p>
   </div>
   <div class='ocr_carea' id='block_1_4' title="bbox 218 1267 1018 1501">
    <p class='ocr_par' dir='ltr' id='par_1_4' title="bbox 218 1267 1018 1501">
     <span class='ocr_line' id='line_1_8' title="bbox 259 1267 935 1367; baseline 0.001 -25"><span class='ocrx_word' id='word_1_30' title='bbox 259 1269 400 1343; x_wconf 85' lang='lat' dir='ltr'><strong>Doctus</strong></span> <span class='ocrx_word' id='word_1_31' title='bbox 426 1269 582 1367; x_wconf 86' lang='lat' dir='ltr'><strong>sagittas</strong></span> <span class='ocrx_word' id='word_1_32' title='bbox 605 1268 762 1344; x_wconf 86' lang='lat' dir='ltr'><strong>tendere</strong></span> <span class='ocrx_word' id='word_1_33' title='bbox 789 1267 935 1344; x_wconf 85' lang='lat' dir='ltr'><strong>Sericas</strong></span> 
     </span>
     <span class='ocr_line' id='line_1_9' title="bbox 218 1391 1018 1501; baseline 0.001 -36"><span class='ocrx_word' id='word_1_34' title='bbox 218 1427 241 1466; x_wconf 82' lang='lat' dir='ltr'><strong>o</strong></span> <span class='ocrx_word' id='word_1_35' title='bbox 261 1391 366 1468; x_wconf 83' lang='lat' dir='ltr'><strong>Arcu</strong></span> <span class='ocrx_word' id='word_1_36' title='bbox 388 1395 576 1492; x_wconf 85' lang='lat' dir='ltr'><strong>paterno?</strong></span> <span class='ocrx_word' id='word_1_37' title='bbox 628 1393 724 1501; x_wconf 79' lang='lat' dir='ltr'><strong>Quis</strong></span> <span class='ocrx_word' id='word_1_38' title='bbox 750 1405 865 1490; x_wconf 84' lang='lat' dir='ltr'><strong>neget</strong></span> <span class='ocrx_word' id='word_1_39' title='bbox 888 1391 1018 1467; x_wconf 85' lang='lat' dir='ltr'>arduis</span> 
     </span>
    </p>
   </div>
   <div class='ocr_carea' id='block_1_5' title="bbox 309 1517 984 1738">
    <p class='ocr_par' dir='ltr' id='par_1_5' title="bbox 309 1517 984 1738">
     <span class='ocr_line' id='line_1_10' title="bbox 309 1517 867 1618; baseline -0.002 -27"><span class='ocrx_word' id='word_1_40' title='bbox 309 1519 456 1618; x_wconf 82' lang='lat' dir='ltr'><strong>Pronos</strong></span> <span class='ocrx_word' id='word_1_41' title='bbox 476 1517 599 1594; x_wconf 91' lang='lat' dir='ltr'><strong>relabi</strong></span> <span class='ocrx_word' id='word_1_42' title='bbox 626 1543 737 1618; x_wconf 87' lang='lat' dir='ltr'><strong>posse</strong></span> <span class='ocrx_word' id='word_1_43' title='bbox 763 1518 867 1592; x_wconf 91' lang='lat' dir='ltr'><strong>rivos</strong></span> 
     </span>
     <span class='ocr_line' id='line_1_11' title="bbox 355 1641 984 1738; baseline -0.002 -20"><span class='ocrx_word' id='word_1_44' title='bbox 355 1643 551 1718; x_wconf 81' lang='lat' dir='ltr'>Montibus</span> <span class='ocrx_word' id='word_1_45' title='bbox 577 1655 615 1718; x_wconf 92' lang='lat' dir='ltr'><strong>et</strong></span> <span class='ocrx_word' id='word_1_46' title='bbox 638 1641 809 1720; x_wconf 85' lang='lat' dir='ltr'>Tiberim</span> <span class='ocrx_word' id='word_1_47' title='bbox 834 1642 984 1738; x_wconf 83' lang='lat' dir='ltr'><strong>reuerti,</strong></span> 
     </span>
    </p>
   </div>
   <div class='ocr_carea' id='block_1_6' title="bbox 253 1801 1087 2002">
    <p class='ocr_par' dir='ltr' id='par_1_6' title="bbox 253 1801 1087 2002">
     <span class='ocr_line' id='line_1_12' title="bbox 257 1801 999 1901; baseline -0.005 -23"><span class='ocrx_word' id='word_1_48' title='bbox 257 1801 357 1878; x_wconf 84' lang='lat' dir='ltr'><strong>Cum</strong></span> <span class='ocrx_word' id='word_1_49' title='bbox 379 1811 420 1874; x_wconf 93' lang='lat' dir='ltr'><strong>tu</strong></span> <span class='ocrx_word' id='word_1_50' title='bbox 443 1813 637 1900; x_wconf 74' lang='lat' dir='ltr'><strong>coemptos</strong></span> <span class='ocrx_word' id='word_1_51' title='bbox 662 1801 835 1901; x_wconf 90' lang='lat' dir='ltr'><strong>undique</strong></span> <span class='ocrx_word' id='word_1_52' title='bbox 860 1801 999 1876; x_wconf 91' lang='lat' dir='ltr'><strong>nobilis</strong></span> 
     </span>
     <span class='ocr_line' id='line_1_13' title="bbox 253 1924 1087 2002; baseline -0.002 -2"><span class='ocrx_word' id='word_1_53' title='bbox 253 1925 393 2000; x_wconf 88' lang='lat' dir='ltr'><strong>Libros</strong></span> <span class='ocrx_word' id='word_1_54' title='bbox 419 1927 577 2001; x_wconf 85' lang='lat' dir='ltr'><strong>Panaeti</strong></span> <span class='ocrx_word' id='word_1_55' title='bbox 604 1925 835 2002; x_wconf 78' lang='lat' dir='ltr'><strong>Socraticam</strong></span> <span class='ocrx_word' id='word_1_56' title='bbox 864 1940 902 2000; x_wconf 91' lang='lat' dir='ltr'><strong>et</strong></span> <span class='ocrx_word' id='word_1_57' title='bbox 929 1924 1087 2000; x_wconf 89' lang='lat' dir='ltr'><strong>domum</strong></span> 
     </span>
    </p>
   </div>
   <div class='ocr_carea' id='block_1_7' title="bbox 84 2121 1257 2767">
    <p class='ocr_par' dir='ltr' id='par_1_7' title="bbox 84 2121 1257 2767">
     <span class='ocr_line' id='line_1_14' title="bbox 86 2121 1255 2196; baseline -0.002 -20"><span class='ocrx_word' id='word_1_58' title='bbox 86 2121 114 2176; x_wconf 83' lang='lat' dir='ltr'><strong>ris</strong></span> <span class='ocrx_word' id='word_1_59' title='bbox 136 2123 249 2190; x_wconf 71' lang='lat' dir='ltr'><strong>uixerat,</strong></span> <span class='ocrx_word' id='word_1_60' title='bbox 278 2141 382 2180; x_wconf 83' lang='lat' dir='ltr'><strong>nomeu</strong></span> <span class='ocrx_word' id='word_1_61' title='bbox 410 2125 551 2194; x_wconf 82' lang='lat' dir='ltr'><strong>professus</strong></span> <span class='ocrx_word' id='word_1_62' title='bbox 579 2129 635 2179; x_wconf 85' lang='lat' dir='ltr'><strong>est.</strong></span> <span class='ocrx_word' id='word_1_63' title='bbox 682 2125 803 2196; x_wconf 84' lang='lat' dir='ltr'><strong>populus</strong></span> <span class='ocrx_word' id='word_1_64' title='bbox 819 2123 940 2178; x_wconf 84' lang='lat' dir='ltr'><strong>Arabiae</strong></span> <span class='ocrx_word' id='word_1_65' title='bbox 957 2122 1056 2188; x_wconf 84' lang='lat' dir='ltr'><strong>felicis,</strong></span> <span class='ocrx_word' id='word_1_66' title='bbox 1073 2121 1152 2178; x_wconf 87' lang='lat' dir='ltr'><strong>cuius</strong></span> <span class='ocrx_word' id='word_1_67' title='bbox 1169 2124 1255 2192; x_wconf 84' lang='lat' dir='ltr'><strong>caput</strong></span> 
     </span>
     <span class='ocr_line' id='line_1_15' title="bbox 88 2191 1254 2266; baseline -0.003 -15"><span class='ocrx_word' id='word_1_68' title='bbox 88 2191 301 2260; x_wconf 68' lang='lat' dir='ltr'><strong>timeantur</strong></span> <span class='ocrx_word' id='word_1_69' title='bbox 322 2195 422 2252; x_wconf 77' lang='lat' dir='ltr'><strong>festivo</strong></span> <span class='ocrx_word' id='word_1_70' title='bbox 439 2195 492 2252; x_wconf 89' lang='lat' dir='ltr'><strong>hoc</strong></span> <span class='ocrx_word' id='word_1_71' title='bbox 510 2199 633 2251; x_wconf 84' lang='lat' dir='ltr'><strong>carmine</strong></span> <span class='ocrx_word' id='word_1_72' title='bbox 682 2197 763 2253; x_wconf 86' lang='lat' dir='ltr'><strong>Saba.</strong></span> <span class='ocrx_word' id='word_1_73' title='bbox 783 2228 818 2237; x_wconf 93' lang='lat'>-</span> <span class='ocrx_word' id='word_1_74' title='bbox 838 2217 872 2251; x_wconf 73' lang='lat' dir='ltr'><strong>en</strong></span> <span class='ocrx_word' id='word_1_75' title='bbox 887 2195 965 2264; x_wconf 77' lang='lat' dir='ltr'><strong>uela]</strong></span> <span class='ocrx_word' id='word_1_76' title='bbox 990 2196 1083 2266; x_wconf 77' lang='lat' dir='ltr'><strong>regia3</strong></span> <span class='ocrx_word' id='word_1_77' title='bbox 1111 2192 1176 2248; x_wconf 78' lang='lat' dir='ltr'><strong>ride</strong></span> <span class='ocrx_word' id='word_1_78' title='bbox 1193 2193 1254 2247; x_wconf 76' lang='lat' dir='ltr'><strong>aiv.</strong></span> 
     </span>
     <span class='ocr_line' id='line_1_16' title="bbox 86 2264 1256 2338; baseline 0 -20"><span class='ocrx_word' id='word_1_79' title='bbox 86 2266 179 2322; x_wconf 79' lang='lat' dir='ltr'><strong>amicum</strong></span> <span class='ocrx_word' id='word_1_80' title='bbox 198 2267 291 2322; x_wconf 85' lang='lat' dir='ltr'><strong>iocose</strong></span> <span class='ocrx_word' id='word_1_81' title='bbox 310 2265 422 2322; x_wconf 86' lang='lat' dir='ltr'><strong>deridet</strong></span> <span class='ocrx_word' id='word_1_82' title='bbox 439 2271 468 2321; x_wconf 87' lang='lat' dir='ltr'><strong>et</strong></span> <span class='ocrx_word' id='word_1_83' title='bbox 491 2268 632 2322; x_wconf 87' lang='lat' dir='ltr'><strong>mirabun-</strong></span> <span class='ocrx_word' id='word_1_84' title='bbox 682 2267 764 2335; x_wconf 83' lang='lat' dir='ltr'><strong>XLV,</strong></span> <span class='ocrx_word' id='word_1_85' title='bbox 779 2272 806 2323; x_wconf 85' lang='lat'><strong>6.</strong></span> <span class='ocrx_word' id='word_1_86' title='bbox 824 2297 858 2306; x_wconf 89' lang='lat'>—</span> <span class='ocrx_word' id='word_1_87' title='bbox 882 2270 997 2338; x_wconf 71' lang='lat' dir='ltr'><strong>sopiatur</strong></span> <span class='ocrx_word' id='word_1_88' title='bbox 1025 2265 1143 2335; x_wconf 77' lang='lat' dir='ltr'><strong>tendere]</strong></span> <span class='ocrx_word' id='word_1_89' title='bbox 1172 2264 1256 2335; x_wconf 89' lang='lat' dir='ltr'><strong>paulo</strong></span> 
     </span>
     <span class='ocr_line' id='line_1_17' title="bbox 86 2333 1256 2463; baseline 0 -74"><span class='ocrx_word' id='word_1_90' title='bbox 86 2333 124 2416; x_wconf 80' lang='grc' dir='ltr'><strong>ιιι</strong></span> <span class='ocrx_word' id='word_1_91' title='bbox 139 2337 279 2394; x_wconf 75' lang='lat' dir='ltr'><strong>exclamat:</strong></span> <span class='ocrx_word' id='word_1_92' title='bbox 299 2355 367 2410; x_wconf 81' lang='lat' dir='ltr'><strong>ergo</strong></span> <span class='ocrx_word' id='word_1_93' title='bbox 386 2343 416 2392; x_wconf 90' lang='grc' dir='ltr'><strong>ιιι</strong></span> <span class='ocrx_word' id='word_1_94' title='bbox 437 2355 548 2463; x_wconf 62' lang='lat' dir='ltr'><strong>quopue</strong></span> <span class='ocrx_word' id='word_1_95' title='bbox 560 2339 633 2393; x_wconf 90' lang='lat' dir='ltr'><strong>mili·</strong></span> <span class='ocrx_word' id='word_1_96' title='bbox 683 2339 816 2394; x_wconf 86' lang='lat' dir='ltr'><strong>audacius</strong></span> <span class='ocrx_word' id='word_1_97' title='bbox 834 2339 949 2401; x_wconf 85' lang='lat' dir='ltr'><strong>dictum,</strong></span> <span class='ocrx_word' id='word_1_98' title='bbox 969 2355 1032 2390; x_wconf 91' lang='lat' dir='ltr'><strong>cum</strong></span> <span class='ocrx_word' id='word_1_99' title='bbox 1048 2353 1129 2391; x_wconf 87' lang='lat' dir='ltr'><strong>arcus</strong></span> <span class='ocrx_word' id='word_1_100' title='bbox 1142 2335 1256 2408; x_wconf 90' lang='lat' dir='ltr'><strong>proprie</strong></span> 
     </span>
     <span class='ocr_line' id='line_1_18' title="bbox 86 2407 1257 2480; baseline 0.002 -21"><span class='ocrx_word' id='word_1_101' title='bbox 86 2413 137 2460; x_wconf 82' lang='lat' dir='ltr'><strong>uam</strong></span> <span class='ocrx_word' id='word_1_102' title='bbox 159 2427 250 2479; x_wconf 79' lang='lat' dir='ltr'><strong>paras,</strong></span> <span class='ocrx_word' id='word_1_103' title='bbox 283 2415 318 2464; x_wconf 88' lang='lat' dir='ltr'><strong>tu</strong></span> <span class='ocrx_word' id='word_1_104' title='bbox 346 2425 455 2480; x_wconf 85' lang='lat' dir='ltr'><strong>quoque</strong></span> <span class='ocrx_word' id='word_1_105' title='bbox 482 2411 572 2464; x_wconf 90' lang='lat' dir='ltr'><strong>oium</strong></span> <span class='ocrx_word' id='word_1_106' title='bbox 603 2413 633 2464; x_wconf 90' lang='lat' dir='ltr'><strong>et</strong></span> <span class='ocrx_word' id='word_1_107' title='bbox 681 2412 828 2480; x_wconf 78' lang='lat' dir='ltr'><strong>tendatur3</strong></span> <span class='ocrx_word' id='word_1_108' title='bbox 856 2427 873 2464; x_wconf 89' lang='lat' dir='ltr'><strong>a</strong></span> <span class='ocrx_word' id='word_1_109' title='bbox 900 2425 955 2478; x_wconf 83' lang='lat' dir='ltr'><strong>qua</strong></span> <span class='ocrx_word' id='word_1_110' title='bbox 977 2413 1073 2463; x_wconf 67' lang='lat' dir='ltr'><strong>minen</strong></span> <span class='ocrx_word' id='word_1_111' title='bbox 1088 2407 1204 2462; x_wconf 86' lang='lat' dir='ltr'><strong>audacia</strong></span> <span class='ocrx_word' id='word_1_112' title='bbox 1221 2423 1257 2461; x_wconf 91' lang='lat' dir='ltr'><strong>ne</strong></span> 
     </span>
     <span class='ocr_line' id='line_1_19' title="bbox 85 2475 1257 2552; baseline 0.001 -21"><span class='ocrx_word' id='word_1_113' title='bbox 85 2475 151 2532; x_wconf 87' lang='lat' dir='ltr'><strong>libros</strong></span> <span class='ocrx_word' id='word_1_114' title='bbox 166 2499 225 2536; x_wconf 88' lang='lat' dir='ltr'><strong>cum</strong></span> <span class='ocrx_word' id='word_1_115' title='bbox 250 2481 354 2536; x_wconf 88' lang='lat' dir='ltr'><strong>castris</strong></span> <span class='ocrx_word' id='word_1_116' title='bbox 381 2485 411 2535; x_wconf 91' lang='lat' dir='ltr'><strong>et</strong></span> <span class='ocrx_word' id='word_1_117' title='bbox 434 2478 529 2550; x_wconf 80' lang='lat' dir='ltr'><strong>gladio</strong></span> <span class='ocrx_word' id='word_1_118' title='bbox 558 2499 632 2536; x_wconf 88' lang='lat' dir='ltr'><strong>com·</strong></span> <span class='ocrx_word' id='word_1_119' title='bbox 683 2483 779 2551; x_wconf 82' lang='lat' dir='ltr'><strong>apicus</strong></span> <span class='ocrx_word' id='word_1_120' title='bbox 808 2481 920 2552; x_wconf 88' lang='lat' dir='ltr'><strong>quidem</strong></span> <span class='ocrx_word' id='word_1_121' title='bbox 947 2479 1082 2550; x_wconf 77' lang='lat' dir='ltr'>Virgilius</span> <span class='ocrx_word' id='word_1_122' title='bbox 1109 2478 1257 2533; x_wconf 90' lang='lat' dir='ltr'><strong>abborruit</strong></span> 
     </span>
     <span class='ocr_line' id='line_1_20' title="bbox 85 2549 1256 2618; baseline 0.002 -16"><span class='ocrx_word' id='word_1_123' title='bbox 85 2554 216 2608; x_wconf 81' lang='lat' dir='ltr'><strong>nutatmus</strong></span> <span class='ocrx_word' id='word_1_124' title='bbox 234 2555 277 2608; x_wconf 87' lang='lat' dir='ltr'><strong>esl</strong></span> <span class='ocrx_word' id='word_1_125' title='bbox 308 2550 435 2606; x_wconf 72' lang='lat' dir='ltr'><strong>haedere</strong></span> <span class='ocrx_word' id='word_1_126' title='bbox 453 2551 556 2608; x_wconf 85' lang='lat' dir='ltr'><strong>Iccium</strong></span> <span class='ocrx_word' id='word_1_127' title='bbox 575 2552 632 2607; x_wconf 88' lang='grc' dir='ltr'><strong>Ηο·</strong></span> <span class='ocrx_word' id='word_1_128' title='bbox 682 2553 866 2618; x_wconf 56' lang='lat' dir='ltr'><strong>assume.</strong></span> <span class='ocrx_word' id='word_1_129' title='bbox 904 2551 1032 2606; x_wconf 86' lang='lat' dir='ltr'><strong>Imitatus</strong></span> <span class='ocrx_word' id='word_1_130' title='bbox 1051 2555 1094 2605; x_wconf 89' lang='lat' dir='ltr'><strong>est</strong></span> <span class='ocrx_word' id='word_1_131' title='bbox 1112 2549 1256 2604; x_wconf 74' lang='lat' dir='ltr'><strong>claudian.</strong></span> 
     </span>
     <span class='ocr_line' id='line_1_21' title="bbox 84 2622 1256 2751; baseline -0.003 -73"><span class='ocrx_word' id='word_1_132' title='bbox 84 2622 152 2703; x_wconf 57' lang='lat' dir='ltr'><strong>ratus</strong></span> <span class='ocrx_word' id='word_1_133' title='bbox 168 2625 266 2695; x_wconf 84' lang='lat' dir='ltr'><strong>uoluit3</strong></span> <span class='ocrx_word' id='word_1_134' title='bbox 286 2624 450 2679; x_wconf 75' lang='lat' dir='ltr'><strong>acerbitatis</strong></span> <span class='ocrx_word' id='word_1_135' title='bbox 467 2625 496 2679; x_wconf 93' lang='lat' dir='ltr'><strong>in</strong></span> <span class='ocrx_word' id='word_1_136' title='bbox 512 2625 630 2679; x_wconf 86' lang='lat' dir='ltr'><strong>amicum</strong></span> <span class='ocrx_word' id='word_1_137' title='bbox 681 2626 711 2679; x_wconf 89' lang='lat' dir='ltr'><strong>iu</strong></span> <span class='ocrx_word' id='word_1_138' title='bbox 720 2623 878 2751; x_wconf 50' lang='lat' dir='ltr'><strong>nuffifflr.</strong></span> <span class='ocrx_word' id='word_1_139' title='bbox 891 2627 920 2678; x_wconf 91' lang='lat' dir='ltr'><strong>et</strong></span> <span class='ocrx_word' id='word_1_140' title='bbox 928 2624 999 2685; x_wconf 80' lang='lat' dir='ltr'><strong>Mar.</strong></span> <span class='ocrx_word' id='word_1_141' title='bbox 1009 2623 1144 2678; x_wconf 86' lang='lat' dir='ltr'><strong>Fescenu.</strong></span> <span class='ocrx_word' id='word_1_142' title='bbox 1155 2623 1256 2678; x_wconf 67' lang='lat' dir='ltr'><strong>alca:</strong></span> 
     </span>
     <span class='ocr_line' id='line_1_22' title="bbox 84 2690 1255 2767; baseline -0.002 -18"><span class='ocrx_word' id='word_1_143' title='bbox 84 2690 134 2746; x_wconf 81' lang='lat' dir='ltr'><strong>nitu</strong></span> <span class='ocrx_word' id='word_1_144' title='bbox 158 2698 294 2767; x_wconf 80' lang='lat' dir='ltr'><strong>reperitur</strong></span> <span class='ocrx_word' id='word_1_145' title='bbox 319 2700 381 2751; x_wconf 89' lang='lat' dir='ltr'><strong>toto</strong></span> <span class='ocrx_word' id='word_1_146' title='bbox 409 2696 546 2761; x_wconf 86' lang='lat' dir='ltr'><strong>carmine,</strong></span> <span class='ocrx_word' id='word_1_147' title='bbox 576 2696 631 2751; x_wconf 87' lang='lat' dir='ltr'><strong>ioci</strong></span> <span class='ocrx_word' id='word_1_148' title='bbox 685 2697 795 2753; x_wconf 83' lang='lat' dir='ltr'><strong>»Part&#39;</strong></span> <span class='ocrx_word' id='word_1_149' title='bbox 838 2695 956 2766; x_wconf 74' lang='lat' dir='ltr'><strong>sagittas</strong></span> <span class='ocrx_word' id='word_1_150' title='bbox 982 2694 1098 2749; x_wconf 87' lang='lat' dir='ltr'><strong>tendere</strong></span> <span class='ocrx_word' id='word_1_151' title='bbox 1126 2695 1255 2749; x_wconf 67' lang='lat' dir='ltr'><strong>oeulos«</strong></span> 
     </span>
    </p>
   </div>
   <div class='ocr_carea' id='block_1_8' title="bbox 83 2764 1334 3104">
    <p class='ocr_par' dir='ltr' id='par_1_8' title="bbox 83 2764 1334 3104">
     <span class='ocr_line' id='line_1_23' title="bbox 84 2764 1256 2845; baseline 0.002 -28"><span class='ocrx_word' id='word_1_152' title='bbox 84 2764 207 2835; x_wconf 82' lang='lat' dir='ltr'><strong>etleporis</strong></span> <span class='ocrx_word' id='word_1_153' title='bbox 224 2768 321 2823; x_wconf 90' lang='lat' dir='ltr'><strong>omnia</strong></span> <span class='ocrx_word' id='word_1_154' title='bbox 340 2766 423 2837; x_wconf 84' lang='lat' dir='ltr'><strong>plena</strong></span> <span class='ocrx_word' id='word_1_155' title='bbox 436 2772 507 2820; x_wconf 90' lang='lat' dir='ltr'><strong>sunt.</strong></span> <span class='ocrx_word' id='word_1_156' title='bbox 527 2766 630 2823; x_wconf 84' lang='lat' dir='ltr'><strong>Verum</strong></span> <span class='ocrx_word' id='word_1_157' title='bbox 682 2768 763 2824; x_wconf 84' lang='lat' dir='ltr'><strong>Seres</strong></span> <span class='ocrx_word' id='word_1_158' title='bbox 792 2770 885 2823; x_wconf 80' lang='lat' dir='ltr'><strong>autern</strong></span> <span class='ocrx_word' id='word_1_159' title='bbox 914 2770 946 2819; x_wconf 92' lang='lat' dir='ltr'><strong>ut</strong></span> <span class='ocrx_word' id='word_1_160' title='bbox 978 2782 1074 2845; x_wconf 77' lang='lat' dir='ltr'><strong>opines</strong></span> <span class='ocrx_word' id='word_1_161' title='bbox 1104 2766 1256 2820; x_wconf 81' lang='lat' dir='ltr'><strong>orientales</strong></span> 
     </span>
     <span class='ocr_line' id='line_1_24' title="bbox 84 2834 1255 2913; baseline 0.002 -26"><span class='ocrx_word' id='word_1_162' title='bbox 84 2834 168 2891; x_wconf 69' lang='lat' dir='ltr'><strong>mansi</strong></span> <span class='ocrx_word' id='word_1_163' title='bbox 187 2838 291 2895; x_wconf 87' lang='lat' dir='ltr'><strong>Iccium</strong></span> <span class='ocrx_word' id='word_1_164' title='bbox 310 2842 499 2903; x_wconf 89' lang='lat' dir='ltr'><strong>nonaccusat,</strong></span> <span class='ocrx_word' id='word_1_165' title='bbox 518 2844 632 2893; x_wconf 87' lang='lat' dir='ltr'><strong>accusat</strong></span> <span class='ocrx_word' id='word_1_166' title='bbox 682 2845 779 2913; x_wconf 77' lang='lat' dir='ltr'><strong>gentes</strong></span> <span class='ocrx_word' id='word_1_167' title='bbox 810 2838 919 2892; x_wconf 87' lang='lat' dir='ltr'><strong>nobiles</strong></span> <span class='ocrx_word' id='word_1_168' title='bbox 943 2842 1025 2891; x_wconf 89' lang='lat' dir='ltr'><strong>erant</strong></span> <span class='ocrx_word' id='word_1_169' title='bbox 1052 2836 1201 2906; x_wconf 78' lang='lat' dir='ltr'><strong>sagittarii.</strong></span> <span class='ocrx_word' id='word_1_170' title='bbox 1221 2866 1255 2877; x_wconf 92' lang='lat'>-</span> 
     </span>
     <span class='ocr_line' id='line_1_25' title="bbox 83 2906 1334 2981; baseline 0.002 -22"><span class='ocrx_word' id='word_1_171' title='bbox 83 2906 155 2961; x_wconf 82' lang='lat' dir='ltr'><strong>tanen</strong></span> <span class='ocrx_word' id='word_1_172' title='bbox 170 2908 314 2981; x_wconf 80' lang='lat' dir='ltr'><strong>ingentem</strong></span> <span class='ocrx_word' id='word_1_173' title='bbox 339 2926 404 2963; x_wconf 87' lang='lat' dir='ltr'><strong>suae</strong></span> <span class='ocrx_word' id='word_1_174' title='bbox 428 2910 527 2963; x_wconf 82' lang='lat' dir='ltr'><strong>astutis</strong></span> <span class='ocrx_word' id='word_1_175' title='bbox 555 2910 631 2980; x_wconf 87' lang='lat' dir='ltr'><strong>cupi·</strong></span> <span class='ocrx_word' id='word_1_176' title='bbox 683 2932 749 2967; x_wconf 78' lang='lat' dir='ltr'><strong>arou</strong></span> <span class='ocrx_word' id='word_1_177' title='bbox 766 2908 891 2981; x_wconf 74' lang='lat' dir='ltr'><strong>palmo]</strong></span> <span class='ocrx_word' id='word_1_178' title='bbox 913 2908 977 2962; x_wconf 83' lang='lat' dir='ltr'><strong>vids</strong></span> <span class='ocrx_word' id='word_1_179' title='bbox 996 2909 1086 2962; x_wconf 88' lang='lat' dir='ltr'><strong>Carm.</strong></span> <span class='ocrx_word' id='word_1_180' title='bbox 1096 2906 1131 2972; x_wconf 88' lang='grc' dir='ltr'><strong>ΙΙ,</strong></span> <span class='ocrx_word' id='word_1_181' title='bbox 1144 2910 1185 2972; x_wconf 81' lang='grc'><strong>13,</strong></span> <span class='ocrx_word' id='word_1_182' title='bbox 1197 2910 1239 2962; x_wconf 86' lang='lat'><strong>17.</strong></span> <span class='ocrx_word' id='word_1_183' title='bbox 1331 2914 1334 2926; x_wconf 89' lang='lat'>&#39;</span> 
     </span>
     <span class='ocr_line' id='line_1_26' title="bbox 83 2974 1255 3104; baseline 0.003 -75"><span class='ocrx_word' id='word_1_184' title='bbox 83 2974 176 3033; x_wconf 73' lang='lat' dir='ltr'><strong>uuum</strong></span> <span class='ocrx_word' id='word_1_185' title='bbox 192 2982 346 3049; x_wconf 68' lang='lat' dir='ltr'><strong>bonorum</strong></span> <span class='ocrx_word' id='word_1_186' title='bbox 365 2980 470 3035; x_wconf 85' lang='lat' dir='ltr'><strong>etenim</strong></span> <span class='ocrx_word' id='word_1_187' title='bbox 489 2982 530 3035; x_wconf 86' lang='lat' dir='ltr'><strong>ita</strong></span> <span class='ocrx_word' id='word_1_188' title='bbox 548 2998 630 3051; x_wconf 87' lang='lat' dir='ltr'><strong>saepe</strong></span> <span class='ocrx_word' id='word_1_189' title='bbox 716 2981 748 3037; x_wconf 83' lang='lat' dir='ltr'><strong>V.</strong></span> <span class='ocrx_word' id='word_1_190' title='bbox 759 2985 799 3036; x_wconf 90' lang='lat'><strong>10.</strong></span> <span class='ocrx_word' id='word_1_191' title='bbox 821 2980 1041 3104; x_wconf 49' lang='lat' dir='ltr'><strong>arduirpresorp</strong></span> <span class='ocrx_word' id='word_1_192' title='bbox 1053 2978 1176 3033; x_wconf 88' lang='lat' dir='ltr'><strong>Pronum</strong></span> <span class='ocrx_word' id='word_1_193' title='bbox 1194 2996 1255 3033; x_wconf 89' lang='lat' dir='ltr'><strong>cum</strong></span> 
     </span>
    </p>
   </div>
   <div class='ocr_carea' id='block_1_9' title="bbox 43 3044 1257 4697">
    <p class='ocr_par' dir='ltr' id='par_1_9' title="bbox 43 3044 1257 4697">
     <span class='ocr_line' id='line_1_27' title="bbox 84 3044 1252 3123; baseline 0.001 -20"><span class='ocrx_word' id='word_1_194' title='bbox 84 3044 112 3113; x_wconf 83' lang='lat' dir='ltr'><strong>fit,</strong></span> <span class='ocrx_word' id='word_1_195' title='bbox 134 3056 250 3121; x_wconf 85' lang='lat' dir='ltr'><strong>atquae</strong></span> <span class='ocrx_word' id='word_1_196' title='bbox 276 3054 306 3107; x_wconf 90' lang='lat' dir='ltr'><strong>in</strong></span> <span class='ocrx_word' id='word_1_197' title='bbox 335 3052 438 3107; x_wconf 86' lang='lat' dir='ltr'><strong>amicos</strong></span> <span class='ocrx_word' id='word_1_198' title='bbox 462 3050 580 3106; x_wconf 83' lang='lat' dir='ltr'><strong>ridendo</strong></span> <span class='ocrx_word' id='word_1_199' title='bbox 602 3056 631 3107; x_wconf 89' lang='lat' dir='ltr'><strong>et</strong></span> <span class='ocrx_word' id='word_1_200' title='bbox 683 3054 720 3107; x_wconf 89' lang='lat' dir='ltr'><strong>sit</strong></span> <span class='ocrx_word' id='word_1_201' title='bbox 737 3052 812 3123; x_wconf 83' lang='lat' dir='ltr'><strong>quod</strong></span> <span class='ocrx_word' id='word_1_202' title='bbox 831 3066 881 3121; x_wconf 89' lang='lat' dir='ltr'><strong>per</strong></span> <span class='ocrx_word' id='word_1_203' title='bbox 899 3050 1004 3105; x_wconf 85' lang='lat' dir='ltr'><strong>declive</strong></span> <span class='ocrx_word' id='word_1_204' title='bbox 1042 3051 1149 3106; x_wconf 88' lang='lat' dir='ltr'><strong>ecurrit</strong></span> <span class='ocrx_word' id='word_1_205' title='bbox 1164 3049 1252 3120; x_wconf 78' lang='lat' dir='ltr'><strong>(Virg.</strong></span> 
     </span>
     <span class='ocr_line' id='line_1_28' title="bbox 84 3116 1255 3199; baseline -0.001 -24"><span class='ocrx_word' id='word_1_206' title='bbox 84 3116 177 3199; x_wconf 63' lang='lat' dir='ltr'><strong>lucendo</strong></span> <span class='ocrx_word' id='word_1_207' title='bbox 194 3122 319 3180; x_wconf 80' lang='lat' dir='ltr'><strong>(licamm</strong></span> <span class='ocrx_word' id='word_1_208' title='bbox 337 3123 373 3177; x_wconf 89' lang='lat' dir='ltr'><strong>iis</strong></span> <span class='ocrx_word' id='word_1_209' title='bbox 389 3121 459 3177; x_wconf 83' lang='lat' dir='ltr'><strong>alios</strong></span> <span class='ocrx_word' id='word_1_210' title='bbox 483 3126 561 3193; x_wconf 79' lang='lat' dir='ltr'><strong>tangi</strong></span> <span class='ocrx_word' id='word_1_211' title='bbox 586 3140 630 3178; x_wconf 85' lang='lat' dir='ltr'><strong>re·</strong></span> <span class='ocrx_word' id='word_1_212' title='bbox 682 3124 784 3195; x_wconf 79' lang='lat' dir='ltr'><strong>Georg.</strong></span> <span class='ocrx_word' id='word_1_213' title='bbox 797 3123 892 3192; x_wconf 77' lang='lat' dir='ltr'><strong>l,203)</strong></span> <span class='ocrx_word' id='word_1_214' title='bbox 910 3122 963 3176; x_wconf 90' lang='lat' dir='ltr'><strong>bac</strong></span> <span class='ocrx_word' id='word_1_215' title='bbox 981 3124 1043 3193; x_wconf 88' lang='lat' dir='ltr'><strong>ipsa</strong></span> <span class='ocrx_word' id='word_1_216' title='bbox 1062 3122 1188 3191; x_wconf 83' lang='lat' dir='ltr'><strong>oxymori</strong></span> <span class='ocrx_word' id='word_1_217' title='bbox 1206 3138 1255 3191; x_wconf 90' lang='lat' dir='ltr'><strong>op-</strong></span> 
     </span>
     <span class='ocr_line' id='line_1_29' title="bbox 82 3188 1257 3267; baseline 0.003 -26"><span class='ocrx_word' id='word_1_218' title='bbox 82 3188 150 3245; x_wconf 84' lang='lat' dir='ltr'><strong>huus.</strong></span> <span class='ocrx_word' id='word_1_219' title='bbox 178 3195 219 3249; x_wconf 80' lang='lat' dir='ltr'><strong>ad</strong></span> <span class='ocrx_word' id='word_1_220' title='bbox 238 3196 360 3250; x_wconf 84' lang='lat' dir='ltr'><strong>eundem</strong></span> <span class='ocrx_word' id='word_1_221' title='bbox 378 3194 481 3248; x_wconf 88' lang='lat' dir='ltr'><strong>Iccium</strong></span> <span class='ocrx_word' id='word_1_222' title='bbox 502 3195 568 3249; x_wconf 88' lang='lat' dir='ltr'><strong>data</strong></span> <span class='ocrx_word' id='word_1_223' title='bbox 587 3199 631 3249; x_wconf 88' lang='lat' dir='ltr'><strong>est</strong></span> <span class='ocrx_word' id='word_1_224' title='bbox 681 3197 822 3267; x_wconf 88' lang='lat' dir='ltr'><strong>positione</strong></span> <span class='ocrx_word' id='word_1_225' title='bbox 851 3195 962 3265; x_wconf 77' lang='lat' dir='ltr'><strong>egregie</strong></span> <span class='ocrx_word' id='word_1_226' title='bbox 989 3193 1158 3257; x_wconf 84' lang='lat' dir='ltr'><strong>ostenditur,</strong></span> <span class='ocrx_word' id='word_1_227' title='bbox 1186 3192 1257 3246; x_wconf 89' lang='lat' dir='ltr'><strong>nibil</strong></span> 
     </span>
     <span class='ocr_line' id='line_1_30' title="bbox 84 3258 1254 3338; baseline 0.004 -26"><span class='ocrx_word' id='word_1_228' title='bbox 84 3258 154 3329; x_wconf 82' lang='lat' dir='ltr'><strong>Epist.</strong></span> <span class='ocrx_word' id='word_1_229' title='bbox 172 3264 192 3328; x_wconf 90' lang='lat'><strong>1,</strong></span> <span class='ocrx_word' id='word_1_230' title='bbox 213 3270 253 3321; x_wconf 81' lang='lat'><strong>12.</strong></span> <span class='ocrx_word' id='word_1_231' title='bbox 299 3268 370 3321; x_wconf 88' lang='lat' dir='ltr'><strong>Cum</strong></span> <span class='ocrx_word' id='word_1_232' title='bbox 393 3264 449 3319; x_wconf 89' lang='lat' dir='ltr'><strong>iam</strong></span> <span class='ocrx_word' id='word_1_233' title='bbox 467 3281 491 3317; x_wconf 86' lang='lat' dir='ltr'><strong>a.</strong></span> <span class='ocrx_word' id='word_1_234' title='bbox 510 3270 562 3320; x_wconf 83' lang='lat'><strong>727</strong></span> <span class='ocrx_word' id='word_1_235' title='bbox 584 3284 630 3321; x_wconf 83' lang='lat' dir='ltr'><strong>ex·</strong></span> <span class='ocrx_word' id='word_1_236' title='bbox 681 3266 771 3338; x_wconf 77' lang='lat' dir='ltr'><strong>magis</strong></span> <span class='ocrx_word' id='word_1_237' title='bbox 784 3268 902 3321; x_wconf 88' lang='lat' dir='ltr'><strong>interae</strong></span> <span class='ocrx_word' id='word_1_238' title='bbox 914 3265 1158 3319; x_wconf 87' lang='lat' dir='ltr'><strong>contrariumesse</strong></span> <span class='ocrx_word' id='word_1_239' title='bbox 1172 3280 1254 3333; x_wconf 87' lang='lat' dir='ltr'><strong>quam</strong></span> 
     </span>
     <span class='ocr_line' id='line_1_31' title="bbox 83 3332 1253 3407; baseline 0.003 -20"><span class='ocrx_word' id='word_1_240' title='bbox 83 3332 166 3399; x_wconf 79' lang='lat' dir='ltr'><strong>peditis</strong></span> <span class='ocrx_word' id='word_1_241' title='bbox 192 3342 347 3407; x_wconf 84' lang='lat' dir='ltr'><strong>pararetur,</strong></span> <span class='ocrx_word' id='word_1_242' title='bbox 375 3336 410 3390; x_wconf 83' lang='lat' dir='ltr'><strong>ad</strong></span> <span class='ocrx_word' id='word_1_243' title='bbox 441 3352 503 3390; x_wconf 90' lang='lat' dir='ltr'><strong>eum</strong></span> <span class='ocrx_word' id='word_1_244' title='bbox 528 3354 629 3391; x_wconf 85' lang='lat' dir='ltr'><strong>anuum</strong></span> <span class='ocrx_word' id='word_1_245' title='bbox 682 3346 781 3395; x_wconf 83' lang='lat' dir='ltr'><strong>arduos</strong></span> <span class='ocrx_word' id='word_1_246' title='bbox 809 3349 911 3391; x_wconf 77' lang='lat' dir='ltr'><strong>morsm</strong></span> <span class='ocrx_word' id='word_1_247' title='bbox 939 3340 969 3391; x_wconf 86' lang='lat' dir='ltr'><strong>et</strong></span> <span class='ocrx_word' id='word_1_248' title='bbox 994 3356 1092 3405; x_wconf 63' lang='lat' dir='ltr'><strong>monos</strong></span> <span class='ocrx_word' id='word_1_249' title='bbox 1119 3340 1201 3390; x_wconf 76' lang='lat' dir='ltr'><strong>riuos.</strong></span> <span class='ocrx_word' id='word_1_250' title='bbox 1222 3366 1253 3375; x_wconf 90' lang='lat'><strong>-—</strong></span> 
     </span>
     <span class='ocr_line' id='line_1_32' title="bbox 83 3404 1255 3533; baseline 0.005 -77"><span class='ocrx_word' id='word_1_251' title='bbox 83 3404 229 3463; x_wconf 74' lang='lat' dir='ltr'><strong>uiuendum</strong></span> <span class='ocrx_word' id='word_1_252' title='bbox 257 3426 321 3464; x_wconf 85' lang='lat' dir='ltr'><strong>essa</strong></span> <span class='ocrx_word' id='word_1_253' title='bbox 348 3424 460 3463; x_wconf 82' lang='lat' dir='ltr'><strong>carmen</strong></span> <span class='ocrx_word' id='word_1_254' title='bbox 489 3410 557 3462; x_wconf 86' lang='lat' dir='ltr'><strong>satis</strong></span> <span class='ocrx_word' id='word_1_255' title='bbox 587 3416 630 3465; x_wconf 87' lang='lat' dir='ltr'><strong>est</strong></span> <span class='ocrx_word' id='word_1_256' title='bbox 683 3421 708 3465; x_wconf 77' lang='grc' dir='ltr'><strong>ιι</strong></span> <span class='ocrx_word' id='word_1_257' title='bbox 728 3408 851 3533; x_wconf 39' lang='lat' dir='ltr'><strong>Tiberim}</strong></span> <span class='ocrx_word' id='word_1_258' title='bbox 879 3406 1060 3477; x_wconf 86' lang='lat' dir='ltr'><strong>amplificatio</strong></span> <span class='ocrx_word' id='word_1_259' title='bbox 1084 3423 1135 3478; x_wconf 87' lang='lat' dir='ltr'><strong>per</strong></span> <span class='ocrx_word' id='word_1_260' title='bbox 1163 3421 1255 3462; x_wconf 84' lang='lat' dir='ltr'><strong>exem·</strong></span> 
     </span>
     <span class='ocr_line' id='line_1_33' title="bbox 43 3476 1253 3553; baseline 0.001 -23"><span class='ocrx_word' id='word_1_261' title='bbox 43 3478 48 3489; x_wconf 83' lang='grc'>’</span> <span class='ocrx_word' id='word_1_262' title='bbox 82 3476 209 3541; x_wconf 81' lang='lat' dir='ltr'><strong>probabile.</strong></span> <span class='ocrx_word' id='word_1_263' title='bbox 491 3538 496 3545; x_wconf 55' lang='grc'><strong>,</strong></span> <span class='ocrx_word' id='word_1_264' title='bbox 681 3480 772 3553; x_wconf 88' lang='lat' dir='ltr'><strong>plum;</strong></span> <span class='ocrx_word' id='word_1_265' title='bbox 803 3480 830 3533; x_wconf 83' lang='lat' dir='ltr'><strong>vi</strong></span> <span class='ocrx_word' id='word_1_266' title='bbox 852 3496 867 3533; x_wconf 89' lang='lat' dir='ltr'><strong>e</strong></span> <span class='ocrx_word' id='word_1_267' title='bbox 892 3480 928 3533; x_wconf 88' lang='lat' dir='ltr'><strong>ad</strong></span> <span class='ocrx_word' id='word_1_268' title='bbox 953 3479 1043 3532; x_wconf 88' lang='lat' dir='ltr'><strong>Carm.</strong></span> <span class='ocrx_word' id='word_1_269' title='bbox 1068 3478 1090 3544; x_wconf 95' lang='lat' dir='ltr'><strong>l,</strong></span> <span class='ocrx_word' id='word_1_270' title='bbox 1109 3480 1134 3541; x_wconf 81' lang='grc'><strong>3,</strong></span> <span class='ocrx_word' id='word_1_271' title='bbox 1154 3480 1196 3532; x_wconf 82' lang='grc'><strong>19.</strong></span> <span class='ocrx_word' id='word_1_272' title='bbox 1219 3508 1253 3518; x_wconf 92' lang='lat'><strong>·—</strong></span> 
     </span>
     <span class='ocr_line' id='line_1_34' title="bbox 107 3544 1255 3635; baseline 0 -33"><span class='ocrx_word' id='word_1_273' title='bbox 107 3544 162 3602; x_wconf 68' lang='lat' dir='ltr'><strong>ti</strong></span> <span class='ocrx_word' id='word_1_274' title='bbox 186 3550 264 3635; x_wconf 76' lang='lat' dir='ltr'><strong>susc]</strong></span> <span class='ocrx_word' id='word_1_275' title='bbox 298 3550 408 3617; x_wconf 78' lang='lat' dir='ltr'><strong>Quanta</strong></span> <span class='ocrx_word' id='word_1_276' title='bbox 434 3567 508 3605; x_wconf 84' lang='lat' dir='ltr'><strong>nuuc</strong></span> <span class='ocrx_word' id='word_1_277' title='bbox 534 3550 628 3605; x_wconf 80' lang='lat' dir='ltr'><strong>subito</strong></span> <span class='ocrx_word' id='word_1_278' title='bbox 681 3562 814 3635; x_wconf 63' lang='lat' dir='ltr'><strong>coemptos</strong></span> <span class='ocrx_word' id='word_1_279' title='bbox 840 3550 968 3622; x_wconf 68' lang='lat' dir='ltr'><strong>antiqu]</strong></span> <span class='ocrx_word' id='word_1_280' title='bbox 998 3546 1178 3619; x_wconf 78' lang='lat' dir='ltr'><strong>Significatur</strong></span> <span class='ocrx_word' id='word_1_281' title='bbox 1211 3549 1255 3603; x_wconf 89' lang='lat' dir='ltr'><strong>hia</strong></span> 
     </span>
     <span class='ocr_line' id='line_1_35' title="bbox 83 3620 1255 3691; baseline 0.003 -20"><span class='ocrx_word' id='word_1_282' title='bbox 83 3620 164 3672; x_wconf 74' lang='lat' dir='ltr'><strong>mair</strong></span> <span class='ocrx_word' id='word_1_283' title='bbox 178 3620 294 3691; x_wconf 81' lang='lat' dir='ltr'><strong>lerocra;</strong></span> <span class='ocrx_word' id='word_1_284' title='bbox 328 3624 431 3691; x_wconf 87' lang='lat' dir='ltr'><strong>quauta</strong></span> <span class='ocrx_word' id='word_1_285' title='bbox 459 3622 575 3675; x_wconf 86' lang='lat' dir='ltr'><strong>audacia</strong></span> <span class='ocrx_word' id='word_1_286' title='bbox 600 3622 629 3675; x_wconf 90' lang='lat' dir='ltr'><strong>in</strong></span> <span class='ocrx_word' id='word_1_287' title='bbox 681 3625 773 3677; x_wconf 77' lang='lat' dir='ltr'><strong>verbis</strong></span> <span class='ocrx_word' id='word_1_288' title='bbox 791 3639 820 3675; x_wconf 89' lang='lat' dir='ltr'><strong>m</strong></span> <span class='ocrx_word' id='word_1_289' title='bbox 875 3640 922 3676; x_wconf 89' lang='lat' dir='ltr'><strong>um</strong></span> <span class='ocrx_word' id='word_1_290' title='bbox 942 3638 998 3691; x_wconf 90' lang='lat' dir='ltr'><strong>quo</strong></span> <span class='ocrx_word' id='word_1_291' title='bbox 1016 3621 1084 3675; x_wconf 88' lang='lat' dir='ltr'><strong>olim</strong></span> <span class='ocrx_word' id='word_1_292' title='bbox 1102 3620 1192 3675; x_wconf 88' lang='lat' dir='ltr'><strong>locius</strong></span> <span class='ocrx_word' id='word_1_293' title='bbox 1211 3638 1255 3674; x_wconf 87' lang='lat' dir='ltr'><strong>sr-</strong></span> 
     </span>
     <span class='ocr_line' id='line_1_36' title="bbox 83 3688 1255 3762; baseline -0.001 -15"><span class='ocrx_word' id='word_1_294' title='bbox 83 3688 169 3758; x_wconf 68' lang='lat' dir='ltr'><strong>aqui</strong></span> <span class='ocrx_word' id='word_1_295' title='bbox 185 3692 272 3748; x_wconf 84' lang='lat' dir='ltr'><strong>adhuc</strong></span> <span class='ocrx_word' id='word_1_296' title='bbox 292 3692 373 3747; x_wconf 85' lang='lat' dir='ltr'><strong>fuisti</strong></span> <span class='ocrx_word' id='word_1_297' title='bbox 389 3692 526 3762; x_wconf 88' lang='lat' dir='ltr'><strong>placidus,</strong></span> <span class='ocrx_word' id='word_1_298' title='bbox 553 3697 629 3747; x_wconf 86' lang='lat' dir='ltr'><strong>tran·</strong></span> <span class='ocrx_word' id='word_1_299' title='bbox 680 3694 766 3749; x_wconf 75' lang='lat' dir='ltr'><strong>(lebat</strong></span> <span class='ocrx_word' id='word_1_300' title='bbox 784 3698 830 3748; x_wconf 90' lang='lat' dir='ltr'><strong>stu</strong></span> <span class='ocrx_word' id='word_1_301' title='bbox 853 3697 909 3746; x_wconf 90' lang='lat' dir='ltr'><strong>&#39;mn</strong></span> <span class='ocrx_word' id='word_1_302' title='bbox 926 3692 1127 3762; x_wconf 86' lang='lat' dir='ltr'><strong>philosophiae.</strong></span> <span class='ocrx_word' id='word_1_303' title='bbox 1159 3691 1255 3761; x_wconf 79' lang='lat' dir='ltr'><strong>Neque</strong></span> 
     </span>
     <span class='ocr_line' id='line_1_37' title="bbox 83 3760 1254 3835; baseline 0.005 -24"><span class='ocrx_word' id='word_1_304' title='bbox 83 3760 170 3829; x_wconf 85' lang='lat' dir='ltr'><strong>quillus,</strong></span> <span class='ocrx_word' id='word_1_305' title='bbox 186 3764 334 3835; x_wconf 87' lang='lat' dir='ltr'><strong>innocens;</strong></span> <span class='ocrx_word' id='word_1_306' title='bbox 362 3770 395 3818; x_wconf 91' lang='lat' dir='ltr'><strong>tu</strong></span> <span class='ocrx_word' id='word_1_307' title='bbox 418 3764 560 3835; x_wconf 81' lang='lat' dir='ltr'><strong>igiturex</strong></span> <span class='ocrx_word' id='word_1_308' title='bbox 579 3764 629 3817; x_wconf 93' lang='lat' dir='ltr'><strong>mi·</strong></span> <span class='ocrx_word' id='word_1_309' title='bbox 680 3766 839 3820; x_wconf 86' lang='lat' dir='ltr'><strong>inconsulto</strong></span> <span class='ocrx_word' id='word_1_310' title='bbox 872 3764 959 3819; x_wconf 90' lang='lat' dir='ltr'><strong>Stoici</strong></span> <span class='ocrx_word' id='word_1_311' title='bbox 991 3762 1118 3817; x_wconf 85' lang='lat' dir='ltr'><strong>Panaetii</strong></span> <span class='ocrx_word' id='word_1_312' title='bbox 1149 3764 1254 3817; x_wconf 90' lang='lat' dir='ltr'><strong>mentio</strong></span> 
     </span>
     <span class='ocr_line' id='line_1_38' title="bbox 83 3828 1255 3907; baseline 0.003 -21"><span class='ocrx_word' id='word_1_313' title='bbox 83 3828 337 3907; x_wconf 71' lang='lat' dir='ltr'><strong>bunophiloropho</strong></span> <span class='ocrx_word' id='word_1_314' title='bbox 349 3834 629 3890; x_wconf 86' lang='lat' dir='ltr'><strong>acerrimusbellator</strong></span> <span class='ocrx_word' id='word_1_315' title='bbox 679 3838 754 3891; x_wconf 82' lang='lat' dir='ltr'><strong>facta</strong></span> <span class='ocrx_word' id='word_1_316' title='bbox 774 3839 826 3896; x_wconf 86' lang='lat' dir='ltr'><strong>est,</strong></span> <span class='ocrx_word' id='word_1_317' title='bbox 845 3836 948 3905; x_wconf 87' lang='lat' dir='ltr'><strong>quippe</strong></span> <span class='ocrx_word' id='word_1_318' title='bbox 967 3834 1015 3904; x_wconf 90' lang='lat' dir='ltr'><strong>qui</strong></span> <span class='ocrx_word' id='word_1_319' title='bbox 1033 3833 1103 3888; x_wconf 88' lang='lat' dir='ltr'><strong>nibil</strong></span> <span class='ocrx_word' id='word_1_320' title='bbox 1122 3837 1255 3903; x_wconf 84' lang='lat' dir='ltr'><strong>expeten-</strong></span> 
     </span>
     <span class='ocr_line' id='line_1_39' title="bbox 85 3896 1253 3974; baseline 0.004 -20"><span class='ocrx_word' id='word_1_321' title='bbox 85 3896 154 3958; x_wconf 79' lang='lat' dir='ltr'><strong>tuus</strong></span> <span class='ocrx_word' id='word_1_322' title='bbox 169 3907 305 3962; x_wconf 84' lang='lat' dir='ltr'><strong>Arabibus</strong></span> <span class='ocrx_word' id='word_1_323' title='bbox 326 3908 355 3960; x_wconf 89' lang='lat' dir='ltr'><strong>et</strong></span> <span class='ocrx_word' id='word_1_324' title='bbox 375 3906 497 3972; x_wconf 88' lang='lat' dir='ltr'><strong>Parthis,</strong></span> <span class='ocrx_word' id='word_1_325' title='bbox 516 3906 628 3962; x_wconf 85' lang='lat' dir='ltr'><strong>invictis</strong></span> <span class='ocrx_word' id='word_1_326' title='bbox 679 3908 747 3963; x_wconf 86' lang='lat' dir='ltr'><strong>dum</strong></span> <span class='ocrx_word' id='word_1_327' title='bbox 764 3907 893 3963; x_wconf 88' lang='lat' dir='ltr'><strong>docuerit</strong></span> <span class='ocrx_word' id='word_1_328' title='bbox 910 3906 965 3960; x_wconf 90' lang='lat' dir='ltr'><strong>nisi</strong></span> <span class='ocrx_word' id='word_1_329' title='bbox 984 3908 1132 3960; x_wconf 89' lang='lat' dir='ltr'><strong>honestum</strong></span> <span class='ocrx_word' id='word_1_330' title='bbox 1138 3924 1146 3974; x_wconf 80' lang='lat'>3</span> <span class='ocrx_word' id='word_1_331' title='bbox 1163 3910 1196 3959; x_wconf 91' lang='lat' dir='ltr'><strong>ut</strong></span> <span class='ocrx_word' id='word_1_332' title='bbox 1214 3906 1253 3959; x_wconf 89' lang='lat' dir='ltr'><strong>sic</strong></span> 
     </span>
     <span class='ocr_line' id='line_1_40' title="bbox 83 3974 1253 4051; baseline 0.002 -24"><span class='ocrx_word' id='word_1_333' title='bbox 83 3974 195 4045; x_wconf 66' lang='lat' dir='ltr'><strong>mutibus,</strong></span> <span class='ocrx_word' id='word_1_334' title='bbox 213 3978 341 4032; x_wconf 89' lang='lat' dir='ltr'><strong>militiam</strong></span> <span class='ocrx_word' id='word_1_335' title='bbox 361 3994 444 4048; x_wconf 87' lang='lat' dir='ltr'><strong>paras</strong></span> <span class='ocrx_word' id='word_1_336' title='bbox 457 3980 487 4031; x_wconf 87' lang='lat' dir='ltr'><strong>et</strong></span> <span class='ocrx_word' id='word_1_337' title='bbox 500 3982 628 4046; x_wconf 63' lang='lat' dir='ltr'><strong>catenam</strong></span> <span class='ocrx_word' id='word_1_338' title='bbox 679 3996 788 4051; x_wconf 89' lang='lat' dir='ltr'><strong>quoque</strong></span> <span class='ocrx_word' id='word_1_339' title='bbox 812 3981 936 4032; x_wconf 86' lang='lat' dir='ltr'><strong>mutatus</strong></span> <span class='ocrx_word' id='word_1_340' title='bbox 959 3976 1026 4031; x_wconf 88' lang='lat' dir='ltr'><strong>locii</strong></span> <span class='ocrx_word' id='word_1_341' title='bbox 1054 3977 1162 4031; x_wconf 87' lang='lat' dir='ltr'><strong>animus</strong></span> <span class='ocrx_word' id='word_1_342' title='bbox 1189 3993 1253 4046; x_wconf 87' lang='lat' dir='ltr'><strong>pro-</strong></span> 
     </span>
     <span class='ocr_line' id='line_1_41' title="bbox 83 4046 1253 4119; baseline 0.001 -19"><span class='ocrx_word' id='word_1_343' title='bbox 83 4046 192 4115; x_wconf 71' lang='lat' dir='ltr'><strong>sigito</strong></span> <span class='ocrx_word' id='word_1_344' title='bbox 209 4048 412 4105; x_wconf 81' lang='lat' dir='ltr'><strong>alterAchilles</strong></span> <span class='ocrx_word' id='word_1_345' title='bbox 431 4048 523 4119; x_wconf 78' lang='lat' dir='ltr'><strong>ignoti</strong></span> <span class='ocrx_word' id='word_1_346' title='bbox 537 4050 628 4103; x_wconf 90' lang='lat' dir='ltr'><strong>cuius·</strong></span> <span class='ocrx_word' id='word_1_347' title='bbox 679 4052 771 4107; x_wconf 86' lang='lat' dir='ltr'><strong>datur.</strong></span> <span class='ocrx_word' id='word_1_348' title='bbox 795 4080 825 4089; x_wconf 95' lang='lat'>-</span> <span class='ocrx_word' id='word_1_349' title='bbox 845 4054 961 4104; x_wconf 75' lang='lat' dir='ltr'><strong>Panaeti</strong></span> <span class='ocrx_word' id='word_1_350' title='bbox 992 4047 1055 4103; x_wconf 84' lang='lat' dir='ltr'><strong>ride</strong></span> <span class='ocrx_word' id='word_1_351' title='bbox 1073 4047 1110 4102; x_wconf 86' lang='lat' dir='ltr'><strong>ad</strong></span> <span class='ocrx_word' id='word_1_352' title='bbox 1123 4048 1218 4107; x_wconf 72' lang='lat' dir='ltr'><strong>carm.</strong></span> <span class='ocrx_word' id='word_1_353' title='bbox 1231 4048 1253 4116; x_wconf 92' lang='lat'><strong>1,</strong></span> 
     </span>
     <span class='ocr_line' id='line_1_42' title="bbox 84 4111 1251 4191; baseline -0.003 -16"><span class='ocrx_word' id='word_1_354' title='bbox 84 4111 130 4169; x_wconf 67' lang='lat' dir='ltr'><strong>lim</strong></span> <span class='ocrx_word' id='word_1_355' title='bbox 147 4119 272 4191; x_wconf 89' lang='lat' dir='ltr'><strong>principis</strong></span> <span class='ocrx_word' id='word_1_356' title='bbox 290 4120 377 4176; x_wconf 86' lang='lat' dir='ltr'><strong>filium</strong></span> <span class='ocrx_word' id='word_1_357' title='bbox 395 4136 513 4186; x_wconf 84' lang='lat' dir='ltr'><strong>servam,</strong></span> <span class='ocrx_word' id='word_1_358' title='bbox 539 4120 628 4175; x_wconf 90' lang='lat' dir='ltr'><strong>fflium</strong></span> <span class='ocrx_word' id='word_1_359' title='bbox 679 4124 758 4189; x_wconf 60' lang='lat'><strong>226.</strong></span> <span class='ocrx_word' id='word_1_360' title='bbox 797 4120 910 4175; x_wconf 86' lang='lat' dir='ltr'><strong>Lachm.</strong></span> <span class='ocrx_word' id='word_1_361' title='bbox 999 4118 1111 4174; x_wconf 86' lang='lat' dir='ltr'><strong>Lueret.</strong></span> <span class='ocrx_word' id='word_1_362' title='bbox 1139 4136 1168 4188; x_wconf 89' lang='lat' dir='ltr'><strong>p.</strong></span> <span class='ocrx_word' id='word_1_363' title='bbox 1183 4122 1235 4173; x_wconf 78' lang='grc'><strong>827</strong></span> <span class='ocrx_word' id='word_1_364' title='bbox 1245 4137 1251 4172; x_wconf 91' lang='lat'><strong>:</strong></span> 
     </span>
     <span class='ocr_line' id='line_1_43' title="bbox 83 4188 1253 4259; baseline 0.002 -17"><span class='ocrx_word' id='word_1_365' title='bbox 83 4188 247 4251; x_wconf 70' lang='lat' dir='ltr'><strong>mutatorum</strong></span> <span class='ocrx_word' id='word_1_366' title='bbox 265 4190 390 4247; x_wconf 82' lang='lat' dir='ltr'><strong>reduces.</strong></span> <span class='ocrx_word' id='word_1_367' title='bbox 418 4190 465 4245; x_wconf 84' lang='lat' dir='ltr'><strong>Sic</strong></span> <span class='ocrx_word' id='word_1_368' title='bbox 483 4193 628 4247; x_wconf 86' lang='lat' dir='ltr'><strong>continua·</strong></span> <span class='ocrx_word' id='word_1_369' title='bbox 681 4193 942 4249; x_wconf 74' lang='lat' dir='ltr'><strong>»substantivorum</strong></span> <span class='ocrx_word' id='word_1_370' title='bbox 960 4190 1132 4245; x_wconf 85' lang='lat' dir='ltr'><strong>Graecorum</strong></span> <span class='ocrx_word' id='word_1_371' title='bbox 1150 4190 1253 4259; x_wconf 80' lang='lat' dir='ltr'><strong>geniti·</strong></span> 
     </span>
     <span class='ocr_line' id='line_1_44' title="bbox 84 4260 1254 4333; baseline 0.003 -21"><span class='ocrx_word' id='word_1_372' title='bbox 84 4262 118 4308; x_wconf 85' lang='lat' dir='ltr'><strong>tu</strong></span> <span class='ocrx_word' id='word_1_373' title='bbox 138 4260 222 4317; x_wconf 89' lang='lat' dir='ltr'><strong>iocosa</strong></span> <span class='ocrx_word' id='word_1_374' title='bbox 245 4262 347 4331; x_wconf 87' lang='lat' dir='ltr'><strong>irrisio,</strong></span> <span class='ocrx_word' id='word_1_375' title='bbox 379 4260 506 4317; x_wconf 86' lang='lat' dir='ltr'><strong>amabilis</strong></span> <span class='ocrx_word' id='word_1_376' title='bbox 532 4280 627 4333; x_wconf 89' lang='lat' dir='ltr'><strong>super·</strong></span> <span class='ocrx_word' id='word_1_377' title='bbox 678 4282 728 4320; x_wconf 85' lang='lat' dir='ltr'><strong>vos</strong></span> <span class='ocrx_word' id='word_1_378' title='bbox 746 4266 775 4319; x_wconf 87' lang='lat' dir='ltr'><strong>in</strong></span> <span class='ocrx_word' id='word_1_379' title='bbox 785 4265 909 4319; x_wconf 86' lang='lat' dir='ltr'><strong>vocalem</strong></span> <span class='ocrx_word' id='word_1_380' title='bbox 935 4268 946 4315; x_wconf 81' lang='grc' dir='ltr'><strong>ι·</strong></span> <span class='ocrx_word' id='word_1_381' title='bbox 970 4261 1127 4333; x_wconf 88' lang='lat' dir='ltr'><strong>simplicem</strong></span> <span class='ocrx_word' id='word_1_382' title='bbox 1151 4277 1254 4316; x_wconf 86' lang='lat' dir='ltr'><strong>exeun·</strong></span> 
     </span>
     <span class='ocr_line' id='line_1_45' title="bbox 84 4324 1251 4407; baseline -0.001 -20"><span class='ocrx_word' id='word_1_383' title='bbox 84 4324 141 4405; x_wconf 58' lang='lat' dir='ltr'><strong>illio.</strong></span> <span class='ocrx_word' id='word_1_384' title='bbox 188 4332 254 4389; x_wconf 82' lang='lat' dir='ltr'><strong>Post</strong></span> <span class='ocrx_word' id='word_1_385' title='bbox 285 4330 400 4391; x_wconf 77' lang='lat' dir='ltr'><strong>cutem</strong></span> <span class='ocrx_word' id='word_1_386' title='bbox 434 4333 627 4407; x_wconf 81' lang='lat' dir='ltr'><strong>interrogandi</strong></span> <span class='ocrx_word' id='word_1_387' title='bbox 677 4340 722 4391; x_wconf 89' lang='lat' dir='ltr'><strong>tes</strong></span> <span class='ocrx_word' id='word_1_388' title='bbox 740 4334 868 4391; x_wconf 90' lang='lat' dir='ltr'><strong>nonnulli</strong></span> <span class='ocrx_word' id='word_1_389' title='bbox 892 4334 1056 4404; x_wconf 87' lang='lat' dir='ltr'><strong>probarunt,</strong></span> <span class='ocrx_word' id='word_1_390' title='bbox 1084 4332 1125 4387; x_wconf 85' lang='lat' dir='ltr'><strong>its</strong></span> <span class='ocrx_word' id='word_1_391' title='bbox 1149 4335 1251 4394; x_wconf 85' lang='lat' dir='ltr'><strong>tamen,</strong></span> 
     </span>
     <span class='ocr_line' id='line_1_46' title="bbox 84 4404 1251 4480; baseline 0.003 -24"><span class='ocrx_word' id='word_1_392' title='bbox 84 4412 171 4480; x_wconf 57' lang='lat' dir='ltr'><strong>nrum</strong></span> <span class='ocrx_word' id='word_1_393' title='bbox 186 4406 286 4461; x_wconf 86' lang='lat' dir='ltr'><strong>rectius</strong></span> <span class='ocrx_word' id='word_1_394' title='bbox 301 4404 428 4476; x_wconf 89' lang='lat' dir='ltr'><strong>ponitur:</strong></span> <span class='ocrx_word' id='word_1_395' title='bbox 448 4404 626 4461; x_wconf 82' lang='lat' dir='ltr'><strong>admirationi</strong></span> <span class='ocrx_word' id='word_1_396' title='bbox 678 4408 701 4463; x_wconf 89' lang='lat' dir='ltr'><strong>si</strong></span> <span class='ocrx_word' id='word_1_397' title='bbox 726 4412 792 4463; x_wconf 88' lang='lat' dir='ltr'><strong>aute</strong></span> <span class='ocrx_word' id='word_1_398' title='bbox 820 4424 881 4463; x_wconf 88' lang='lat' dir='ltr'><strong>eam</strong></span> <span class='ocrx_word' id='word_1_399' title='bbox 905 4405 1000 4476; x_wconf 90' lang='lat' dir='ltr'><strong>plures</strong></span> <span class='ocrx_word' id='word_1_400' title='bbox 1024 4420 1119 4459; x_wconf 87' lang='lat' dir='ltr'><strong>morae</strong></span> <span class='ocrx_word' id='word_1_401' title='bbox 1148 4407 1251 4467; x_wconf 87' lang='lat' dir='ltr'><strong>essent,</strong></span> 
     </span>
     <span class='ocr_line' id='line_1_47' title="bbox 85 4474 1252 4536; baseline 0.004 -11"><span class='ocrx_word' id='word_1_402' title='bbox 85 4482 148 4536; x_wconf 77' lang='lat' dir='ltr'><strong>turm,</strong></span> <span class='ocrx_word' id='word_1_403' title='bbox 163 4492 213 4530; x_wconf 87' lang='lat' dir='ltr'><strong>nou</strong></span> <span class='ocrx_word' id='word_1_404' title='bbox 223 4474 403 4533; x_wconf 81' lang='lat' dir='ltr'><strong>affirmationi</strong></span> <span class='ocrx_word' id='word_1_405' title='bbox 414 4476 461 4531; x_wconf 88' lang='lat' dir='ltr'><strong>hic</strong></span> <span class='ocrx_word' id='word_1_406' title='bbox 477 4476 555 4533; x_wconf 90' lang='lat' dir='ltr'><strong>locus</strong></span> <span class='ocrx_word' id='word_1_407' title='bbox 574 4482 625 4532; x_wconf 87' lang='lat' dir='ltr'><strong>ast.</strong></span> <span class='ocrx_word' id='word_1_408' title='bbox 677 4496 733 4535; x_wconf 91' lang='lat' dir='ltr'><strong>non</strong></span> <span class='ocrx_word' id='word_1_409' title='bbox 752 4496 809 4534; x_wconf 86' lang='lat' dir='ltr'><strong>uus</strong></span> <span class='ocrx_word' id='word_1_410' title='bbox 825 4482 944 4533; x_wconf 86' lang='lat' dir='ltr'><strong>tantum.</strong></span> <span class='ocrx_word' id='word_1_411' title='bbox 967 4475 1103 4531; x_wconf 86' lang='lat' dir='ltr'><strong>Horatius</strong></span> <span class='ocrx_word' id='word_1_412' title='bbox 1121 4474 1159 4530; x_wconf 86' lang='lat' dir='ltr'><strong>sd</strong></span> <span class='ocrx_word' id='word_1_413' title='bbox 1176 4474 1252 4530; x_wconf 86' lang='lat' dir='ltr'><strong>bunc</strong></span> 
     </span>
     <span class='ocr_line' id='line_1_48' title="bbox 85 4538 1252 4621; baseline 0.001 -22"><span class='ocrx_word' id='word_1_414' title='bbox 85 4538 118 4593; x_wconf 71' lang='lat' dir='ltr'><strong>lle</strong></span> <span class='ocrx_word' id='word_1_415' title='bbox 133 4548 211 4601; x_wconf 85' lang='lat' dir='ltr'><strong>totum</strong></span> <span class='ocrx_word' id='word_1_416' title='bbox 232 4564 344 4603; x_wconf 84' lang='lat' dir='ltr'><strong>carmen</strong></span> <span class='ocrx_word' id='word_1_417' title='bbox 369 4564 405 4603; x_wconf 83' lang='lat' dir='ltr'><strong>ex</strong></span> <span class='ocrx_word' id='word_1_418' title='bbox 422 4548 626 4621; x_wconf 79' lang='lat' dir='ltr'><strong>interrogatio-</strong></span> <span class='ocrx_word' id='word_1_419' title='bbox 677 4549 792 4605; x_wconf 81' lang='lat' dir='ltr'><strong>modum</strong></span> <span class='ocrx_word' id='word_1_420' title='bbox 809 4551 882 4605; x_wconf 75' lang='lat' dir='ltr'><strong>(lixit</strong></span> <span class='ocrx_word' id='word_1_421' title='bbox 901 4551 996 4603; x_wconf 79' lang='lat' dir='ltr'><strong>Libros</strong></span> <span class='ocrx_word' id='word_1_422' title='bbox 1005 4553 1122 4602; x_wconf 77' lang='lat' dir='ltr'><strong>Panaeti</strong></span> <span class='ocrx_word' id='word_1_423' title='bbox 1139 4552 1169 4601; x_wconf 90' lang='lat' dir='ltr'><strong>et</strong></span> <span class='ocrx_word' id='word_1_424' title='bbox 1186 4550 1252 4602; x_wconf 75' lang='lat' dir='ltr'><strong>llio·</strong></span> 
     </span>
     <span class='ocr_line' id='line_1_49' title="bbox 86 4610 1253 4697; baseline 0.008 -34"><span class='ocrx_word' id='word_1_425' title='bbox 86 4610 147 4668; x_wconf 77' lang='lat' dir='ltr'><strong>nibus</strong></span> <span class='ocrx_word' id='word_1_426' title='bbox 170 4619 347 4689; x_wconf 80' lang='lat' dir='ltr'><strong>compositum</strong></span> <span class='ocrx_word' id='word_1_427' title='bbox 370 4624 423 4673; x_wconf 75' lang='lat' dir='ltr'><strong>est</strong></span> <span class='ocrx_word' id='word_1_428' title='bbox 446 4650 477 4661; x_wconf 89' lang='lat'>-</span> <span class='ocrx_word' id='word_1_429' title='bbox 493 4622 624 4697; x_wconf 72' lang='lat' dir='ltr'><strong>Saluum]</strong></span> <span class='ocrx_word' id='word_1_430' title='bbox 676 4628 739 4693; x_wconf 75' lang='lat' dir='ltr'><strong>syri</strong></span> <span class='ocrx_word' id='word_1_431' title='bbox 766 4626 840 4690; x_wconf 75' lang='lat' dir='ltr'><strong>filius</strong></span> <span class='ocrx_word' id='word_1_432' title='bbox 868 4618 1084 4690; x_wconf 75' lang='lat' dir='ltr'><strong>(Sea1,6,38).‹</strong></span> <span class='ocrx_word' id='word_1_433' title='bbox 1131 4617 1174 4672; x_wconf 87' lang='lat' dir='ltr'><strong>De</strong></span> <span class='ocrx_word' id='word_1_434' title='bbox 1200 4617 1253 4672; x_wconf 81' lang='lat' dir='ltr'><strong>Pa·</strong></span> 
     </span>
    </p>
   </div>
   <div class='ocr_carea' id='block_1_10' title="bbox 0 0 1568 5225">
    <p class='ocr_par' dir='ltr' id='par_1_10' title="bbox 0 0 1568 5225">
     <span class='ocr_line' id='line_1_50' title="bbox 0 0 1568 5225; baseline 0 0"><span class='ocrx_word' id='word_1_435' title='bbox 0 0 1568 5225; x_wconf 95' lang='lat' dir='ltr'><strong> </strong></span> 
     </span>
    </p>
   </div>
  </div>
 </body>
</html>
