3125 5225
458 287 547 354 nra.
565 286 629 354 ιιι
650 235 880 353 esaum,

319 481 488 580 Fulgens
512 478 835 577 triumphatisque
860 479 981 577 possit

365 610 487 686 Roma
507 606 617 684 ferox
642 603 736 680 dare
758 604 845 680 iura
868 603 1004 680 Medis.

232 793 257 832 s
274 758 480 833 Horrenda
503 757 582 832 late
607 780 748 832 nomon
773 756 815 828 in
840 753 993 830 trltimas

270 883 459 958 Extendat
484 908 581 976 oras,
608 906 686 979 qua
711 880 861 956 medius
882 879 1012 978 liquor

321 1007 493 1084 Seeernit
512 1008 693 1102 Europen
719 1007 770 1082 ab
795 1005 908 1099 Afro,

369 1131 456 1223 Qua
481 1131 651 1206 tumidus
678 1131 780 1229 rigat
805 1155 897 1204 arva
921 1127 1042 1202 Nilus.

268 1277 419 1354 Aurum
443 1279 674 1376 inrepertum
700 1291 739 1353 et
763 1277 818 1352 sie
840 1275 976 1352 melius
992 1275 1116 1368 situm,

228 1437 254 1476 a
273 1403 372 1482 eum
396 1416 500 1479 terra
525 1403 632 1499 celat,
659 1386 841 1503 spernere
867 1401 1005 1476 fortior
1046 1439 1052 1448 ·

317 1526 442 1619 Quam
466 1553 605 1626 eogere
630 1528 818 1603 humanos
843 1529 884 1602 in
909 1551 998 1602 usus

368 1651 494 1728 Omne
517 1679 667 1728 suorum
693 1653 867 1750 rapiente
895 1651 1037 1745 dextra,

272 1800 503 1902 Quicunque
529 1803 673 1878 mundo
700 1803 883 1878 terminus
911 1799 1065 1895 obstitit,

264 1926 382 2001 Hune
407 1940 540 2027 tangat
564 1930 693 2025 armis,
720 1930 844 2002 visere
870 1927 1050 2026 gestiens,

224 2081 250 2122 s
320 2050 407 2143 Qua
431 2067 541 2151 parte
567 2052 850 2128 debacchentur
873 2051 993 2148 ignes,

370 2177 457 2271 Qua
476 2177 642 2254 nebulae
666 2175 867 2275 pluviique
890 2201 1015 2270 rores3

262 2326 343 2404 Sed
366 2327 557 2403 bellicosis
583 2330 664 2403 fata
690 2327 905 2420 Quiritibus

263 2451 351 2527 Hae
374 2452 462 2551 lege
488 2451 586 2549 dieo,
613 2479 662 2528 ne
688 2453 850 2528 nimium
873 2451 927 2551 pii

271 2572 279 2586 '
310 2576 515 2677 Rebusque
540 2577 701 2653 fidentes
727 2577 854 2651 avitae

221 2735 248 2772 ω
368 2704 487 2777 ‘Poeta
511 2703 631 2778 velint
655 2726 836 2799 reparare
862 2702 1009 2777 Troiae.

257 2853 401 2928 Troiae
426 2878 627 2929 renascens
653 2853 745 2928 alite
769 2853 927 2951 lugubri

255 2975 430 3051 Fortuna
454 2978 551 3052 tristi
574 2977 684 3052 olade
706 2978 914 3072 iterabitur,

84 3196 142 3251 inest
155 3199 208 3254 nisi
226 3200 306 3269 apud
332 3205 432 3270 poetas
459 3206 489 3256 et
515 3202 564 3272 qni
591 3220 639 3258 eos
688 3201 801 3258 obstitit
818 3200 922 3255 mundo
948 3201 966 3255 i.
984 3216 1008 3255 s.
1037 3202 1099 3256 orbi
1118 3204 1265 3271 terrarum,

85 3270 244 3327 mtsbsntur
271 3272 395 3327 seriores
423 3274 585 3343 soriptores.
603 3304 637 3315 -
689 3281 720 3329 et
736 3291 811 3329 nuno
829 3290 939 3342 quoque
958 3274 1060 3340 obelet,
1079 3272 1165 3327 finem
1178 3274 1265 3341 ponit.

84 3340 160 3421 pauit]
177 3340 271 3397 Iaoens
289 3345 321 3397 in
336 3342 392 3397 line
406 3361 503 3399 versus
521 3346 639 3400 eximius
690 3345 784 3413 Quare
800 3344 911 3399 dativus
927 3345 1023 3398 mondo
1042 3348 1169 3413 praestat
1189 3346 1265 3415 geni·

83 3413 208 3467 murino
227 3414 367 3471 voeabulo
388 3432 464 3471 suam
482 3417 540 3470 vim
557 3417 638 3471 resti-
689 3418 747 3472 tiso
773 3418 866 3471 nands·
893 3431 1046 3485 pauoorum
1069 3416 1206 3471 oodioum.
1233 3442 1266 3455 -

83 3482 133 3534 luit·
149 3510 180 3521 -
202 3489 341 3540 smne«
369 3487 436 3555 late]
464 3489 582 3542 metrica
611 3487 639 3542 vi
689 3493 838 3559 quicunque
858 3487 963 3555 mundo]
981 3486 1139 3541 Bentleius:
1176 3486 1266 3543 »Illud

83 3550 134 3607 iseo
148 3558 357 3627 ooniunguntur
373 3558 425 3612 etr.
437 3558 584 3629 Cornifi,
597 3562 639 3625 17,
688 3560 808 3628 denique
827 3560 919 3612 minus
938 3558 1032 3626 plsoet
1044 3564 1191 3629 quicunque,
1213 3572 1266 3613 tar.

83 3624 102 3675 9.
115 3624 263 3695 septen
276 3630 353 3693 1,21.
372 3658 405 3669 -
418 3632 519 3684 udins
539 3630 639 3701 liquor]
688 3637 788 3685 ssime.
834 3630 908 3697 Quot
933 3629 1017 3695 enim,
1044 3631 1169 3693 obsecro,
1200 3636 1267 3685 sunt

83 3694 185 3774 sedium
209 3717 301 3763 mre,
328 3701 403 3768 quod
426 3704 568 3756 extremae
593 3718 639 3756 oo·
688 3701 786 3757 mundi
803 3700 937 3755 termini?
950 3698 1265 3771 Legerimpotiusooa·

84 3766 170 3849 edenti
186 3771 241 3825 soli
260 3772 403 3853 sqbisotes
419 3772 550 3843 repones
574 3784 640 3828 oon·
689 3793 800 3852 esuque,
828 3777 860 3827 ut
882 3788 949 3827 mox
972 3775 1099 3855 seqnitqr
1117 3793 1168 3854 qua
1186 3785 1265 3843 parta

83 3845 640 3985 butant-naras
688 3844 1265 3984 ιιιιιιιιιιιιιιι

83 3982 183 4044 mitum
212 3985 291 4053 (side
316 3985 355 4039 sd
379 3986 470 4041 carm.
494 3987 574 4055 1,6‚
595 3987 639 4056 19)
687 3989 741 4043 bus
758 3990 793 4041 55
823 3991 852 4041 ot
877 3988 921 4041 56.
952 4016 986 4025 -
1017 3986 1121 4058 saepae]
1159 3987 1264 4041 reotius

83 4051 254 4111 wndioionsm
281 4056 368 4111 habet
390 4074 407 4111 a
430 4058 538 4112 lunone
564 4061 639 4129 posi·
688 4068 881 4128 quamtamque
899 4057 975 4126 quod
984 4058 1265 4113 Keltsrsssxmultis

83 4127 134 4199 Q,
158 4126 217 4182 is.
236 4128 263 4182 si
281 4130 415 4183 maiorem
433 4129 566 4185 ostendat
582 4130 640 4185 for·
688 4148 756 4185 sane
772 4128 853 4184 oodd.
872 4129 993 4199 rsoepit3
1020 4147 1077 4185 non
1094 4129 1265 4184 vaticinatur

83 4194 212 4269 {studim
232 4200 297 4254 ins
334 4200 443 4255 mendo
467 4217 538 4257 suro
555 4218 640 4271 qnam
688 4201 767 4269 Iuno,
794 4202 844 4257 ssd
860 4204 893 4255 ot
910 4200 1029 4255 Romsni
1047 4218 1080 4255 eo
1096 4200 1264 4270 perveniant

83 4270 244 4347 umento.
318 4288 387 4326 uase
410 4272 497 4327 verbs
512 4276 640 4329 tamnes
690 4272 828 4327 eonosdit.
847 4271 1063 4341 Insequentibus
1080 4272 1206 4328 versibus
1217 4272 1264 4327 de·

84 4354 169 4392 *assu
183 4358 241 4396 non
256 4358 322 4397 eum
338 4344 458 4413 eogendi
471 4344 558 4399 verbo
575 4348 641 4399 sunt
690 4343 853 4401 soribuntnr
877 4360 948 4397 sons
971 4344 1082 4400 torrida
1098 4346 1128 4399 et
1150 4342 1263 4413 frigida.

84 4408 257 4480 muamus
275 4415 326 4469 sed
344 4431 409 4468 eum
425 4420 565 4485 capisam
589 4416 640 4470 hu·
689 4414 725 4471 of.
737 4414 828 4469 Germ.
837 4416 859 4485 1,
866 4418 951 4482 222¹]
963 4432 1024 4485 sqq.
1036 4444 1068 4455 —
1079 4414 1167 4483 rores]
1188 4414 1264 4485 apud

84 4480 144 4533 Mlti
158 4483 231 4538 enim
247 4502 317 4539 usus
337 4485 448 4555 profani
465 4491 534 4540 sant
552 4490 582 4541 et
591 4504 640 4558 po·
688 4491 785 4557 poetas
805 4487 842 4541 de
860 4502 1025 4557 quoeunque
1043 4486 1160 4557 liquore.

84 4558 171 4629 untur
192 4558 294 4611 eontra
322 4573 441 4612 ssorum.
464 4586 500 4599 -
524 4558 639 4627 obstitit]
723 4557 756 4614 V.
767 4561 811 4613 61.
839 4558 994 4629 venusam]
1023 4556 1052 4611 si
1075 4558 1159 4613 Troia
1182 4574 1263 4612 rena-

85 4627 210 4695 ’Ψωῐοςι
230 4628 281 4696 qui
302 4644 320 4683 a
342 4626 443 4698 primis
464 4630 639 4701 temporibus
689 4630 788 4700 suitur,
816 4628 897 4685 malis
925 4628 1065 4685 ominibus
1094 4628 1262 4695 renasoitor,
