3125 5225
770 213 1019 283 CARMINUM

495 401 659 503 Expedit
683 401 815 478 matris
842 404 987 477 cineres
1015 415 1167 501 opertos

452 562 477 600 10
492 528 643 604 Fallere
665 540 703 603 et
727 538 806 602 toto
833 527 1023 602 taciturna
1046 528 1168 602 noctis

495 655 613 751 Signa
638 679 725 728 cum
751 653 859 728 coelo
887 649 1093 750 gelidaque
1117 651 1228 726 divos

593 779 718 851 Morte
745 788 927 852 carentes.
1155 749 1170 774 ⁰

495 977 608 1052 Ridet
633 976 718 1071 hcc,
746 976 914 1075 inquam,
943 975 1074 1050 Venus
1100 976 1197 1074 ipsa,
1222 975 1351 1050 rident

494 1100 696 1201 Simplices
720 1100 920 1198 Nymphae
946 1101 1051 1175 ferus
1074 1114 1113 1175 et
1136 1099 1289 1198 Cupido

450 1260 475 1300 rs
494 1224 654 1325 Semper
679 1195 857 1301 ardentes
885 1250 1038 1300 acuens·
1052 1225 1208 1322 sagittas

594 1351 690 1429 Cote
711 1361 879 1425 cruenta.

492 1545 607 1622 Adde
635 1524 739 1645 qnod
765 1549 887 1646 pubes
913 1547 983 1622 tibi
1011 1547 1148 1621 crescit
1173 1545 1307 1640 omnis,

492 1671 662 1747 Servitus
689 1672 823 1747 crescit
843 1698 953 1768 nova,
982 1697 1052 1746 nec
1077 1671 1224 1770 priores

492 1796 640 1895 Impiae
669 1810 811 1874 tectum
838 1797 1017 1873 dominae
1043 1796 1267 1894 relinquunt

447 1955 473 1995 a
591 1921 712 2020 Saepe
737 1921 883 2004 minati.

492 2121 647 2209 Tenuis
674 2133 813 2195 matres
839 2133 1013 2196 metuunt
1039 2119 1219 2212 iuvencis,

490 2245 545 2320 Te
569 2270 678 2319 senes
704 2243 809 2341 parci
835 2245 1075 2342 miseraeque
1100 2269 1222 2340 nuper

489 2369 669 2466 Virgines
696 2381 847 2466 nuptae,
876 2383 1014 2446 tuane
1041 2369 1209 2444 retardet

591 2490 698 2568 Aura
726 2493 895 2568 maritos.

290 2691 397 2749 mortui
424 2690 572 2745 cinerem«
618 2688 720 2742 Tibull.
731 2689 767 2751 ss,
777 2692 803 2754 6,
815 2691 864 2745 29:
913 2693 1058 2759 angelum
1104 2706 1149 2743 vv.
1168 2692 1271 2745 17-20
1289 2691 1380 2744 omnis
1397 2706 1501 2745 umen·

296 2780 364 2833 »per
383 2763 549 2817 immaturae
575 2762 641 2814 tute
676 2775 778 2829 precor
803 2776 865 2814 osse
914 2760 986 2815 tium
1002 2762 1086 2815 turba
1105 2762 1134 2813 in
1151 2761 1221 2815 duee
1239 2762 1499 2832 puteediriditun

293 2834 432 2901 σπανίας
457 2837 628 2887 nocturnum
651 2831 760 2885 coelum
784 2835 812 2885 et
830 2832 866 2885 si·
914 2830 1008 2887 ineos
1027 2832 1074 2901 qui
1095 2832 1220 2886 nondum
1237 2832 1499 2903 quamsitperfide

291 2906 360 2961 deta
377 2907 413 2959 ab
437 2903 594 2959 amantibus
617 2902 648 2955 in
674 2903 866 2957 testimenium
915 2908 981 2957 sunt
1008 2903 1125 2973 experti,
1154 2908 1185 2957 ct
1207 2905 1237 2957 in
1262 2920 1309 2959 ecs
1328 2904 1376 2973 qui
1394 2920 1500 2973 quam·

290 2977 470 3032 vocabantur.
486 3006 518 3014 -
527 2976 668 3056 palmaque
683 2978 758 3028 divos
778 2986 864 3028 mores
915 2992 997 3043 quam
1015 2972 1086 3027 illud
1104 2978 1170 3028 eunt
1188 2976 1297 3045 experti
1315 2982 1410 3030 temen
1438 2992 1500 3031 non

290 3048 424 3117 carentes]
448 3043 533 3105 θεοὺς
555 3040 717 3109 decretave,
747 3062 866 3114 quorum
915 3047 1065 3102 abstinent
1086 3047 1258 3115 -eereitud
1276 3046 1372 3101 Omnis
1389 3048 1501 3116 pubes.

290 3122 433 3189 potestate
451 3118 597 3187 improbos
614 3114 764 3185 aliquando
783 3118 866 3171 casti·
916 3134 985 3185 ques
1004 3119 1113 3180 crescit,
1141 3116 1193 3171 tibi
1216 3119 1320 3173 crescit
1338 3122 1367 3173 et
1384 3120 1502 3173 crescit

289 3190 353 3260 gari
370 3188 557 3245 certissimum
575 3193 627 3242 est.
915 3188 968 3243 tibi
985 3205 1058 3243 nova
1075 3188 1204 3243 servitus.
1219 3218 1249 3229 -
1263 3189 1394 3257 iuvencis]
1416 3189 1503 3243 inest

325 3261 359 3315 V.
371 3263 413 3315 14.
431 3263 579 3331 Nymphae]
605 3260 635 3313 in
661 3258 797 3313 comitatu
814 3258 865 3312 Ve-
916 3258 944 3313 in
962 3260 1015 3314 hcc
1034 3260 1121 3313 verbo
1137 3259 1231 3331 imago
1251 3260 1500 3328 nobistantum,

292 3332 376 3387 neria
414 3332 450 3387 cl.
474 3331 564 3385 Germ.
573 3331 596 3396 l,
606 3334 650 3397 30,
660 3333 685 3384 6.
720 3328 866 3399 Nymphae
915 3330 1038 3399 antiquis
1065 3330 1156 3399 poetis
1181 3330 1218 3385 ad
1242 3348 1336 3387 rerum
1359 3336 1504 3387 uenirem

289 3402 355 3457 ideo
378 3406 515 3473 simplices
543 3402 698 3471 appellatae
724 3401 865 3461 videntur,
914 3402 1029 3471 propius
1065 3402 1262 3456 accedentibus
1296 3402 1500 3458 usitatissime.

291 3474 368 3542 qued
381 3478 620 3528 cumsuaueture
635 3474 757 3527 ebomni
765 3472 865 3526 frarrde
915 3472 983 3526 lude
1008 3472 1091 3527 etiam
1115 3494 1193 3528 aura.
1229 3474 1306 3547 Virg.
1326 3474 1429 3544 θοοῖς.
1443 3474 1501 3542 ΙΙΙ,

293 3544 402 3599 alienae
420 3545 485 3607 sint,
516 3544 546 3598 in
567 3544 620 3599 hec
644 3560 676 3597 re
693 3544 747 3599 sibi
764 3560 865 3613 parum
916 3546 976 3599 250.
996 3543 1114 3599 vidend
1134 3542 1341 3615 Cerm.ll,6‚l.
1361 3572 1394 3584 -
1415 3568 1505 3601 senor

289 3619 452 3671 constantes
472 3615 601 3669 dominae
618 3614 760 3669 crudelem
785 3618 866 3669 natu·
914 3618 1005 3687 parci]
1026 3614 1137 3669 Scilicet
1154 3615 1184 3669 hi
1201 3616 1303 3671 timent
1320 3634 1355 3671 na
1373 3614 1426 3670 lilii
1448 3634 1506 3671 ne-

293 3703 354 3741 rem
371 3687 671 3755 induunt.—‹wenta]
690 3687 866 3742 coscruente
915 3689 1030 3756 potesse
1047 3686 1101 3741 tibi
1119 3686 1208 3741 dediti
1227 3705 1287 3742 rem
1304 3688 1438 3759 perdant.
1463 3718 1504 3729 -

293 3757 406 3823 dicitur,
436 3758 503 3827 quia
531 3757 650 3828 sagium
676 3762 740 3812 cote
766 3762 865 3812 acutae
914 3756 1043 3828 virginee]
1071 3758 1131 3813 Hoc
1151 3764 1182 3812 st
1203 3762 1357 3829 'sunitarum
1377 3761 1507 3813 nomine

291 3828 407 3884 vulnera
425 3829 505 3899 qumi
522 3834 551 3884 st
570 3831 731 3911 sanguinem
751 3829 846 3884 edunt.
915 3844 962 3883 see
978 3845 1088 3897 quoque
1103 3830 1283 3884 nominantur
1297 3830 1345 3899 qui
1361 3828 1505 3885 vireium

325 3902 358 3966 V,
372 3904 412 3955 17.
433 3901 504 3955 »Sed
520 3917 577 3956 uon
594 3901 649 3954 dim
661 3900 730 3955 solie
746 3898 867 3970 perfidia
914 3904 1078 3969 nupserunt.
1098 3900 1169 3954 Vide
1188 3901 1223 3955 ad
1242 3900 1506 3965 earm.111‚14,10.

290 3975 341 4026 tus
368 3971 472 4041 placet,
502 3972 553 4025 sed
580 3972 665 4026 etiem
693 3972 865 4038 hominibus3
914 3974 992 4037 223.
1011 4000 1045 4011 -
1066 3973 1192 4041 miserae]
1211 3973 1401 4042 npclnumslc
1419 3978 1509 4041 posi-

289 4058 376 4112 quare
399 4043 484 4098 turbe
506 4044 660 4097 amentium
685 4044 715 4097 in
735 4043 795 4097 dies
812 4042 866 4097 tibi
913 4046 974 4095 tum
994 4042 1171 4097 adieetivnm.
