3125 5225
322 289 385 354 484
757 286 1084 356 EPISTULARUM

372 475 437 551 Est
462 475 611 552 enimus
637 475 719 571 tibi,
746 488 834 550 sunt
861 499 985 550 mores
1013 488 1050 551 et
1074 475 1209 572 lingna
1231 475 1411 576 fidesque,

372 601 450 678 Sed
477 599 766 702 quadringentis
790 627 855 676 sex
879 613 1026 699 septem
1052 600 1161 676 milia
1186 601 1342 677 desunt:

371 725 485 803 Plebs
511 726 596 802 eris.
642 726 695 801 At
718 727 829 825 pueri
854 725 1043 817 ludentes,
1069 729 1150 804 Rex
1177 727 1262 822 eris,
1289 727 1403 823 aiunt,

295 885 346 950 a
373 850 414 926 Si
439 863 540 926 recte
568 851 696 925 facies.
746 849 823 925 Hic
850 877 980 925 murus
1005 848 1147 927 eduens
1174 864 1273 927 esto:

372 973 435 1050 Nil
462 975 632 1050 conscire
658 975 740 1072 sibi,
768 975 876 1050 nulla
902 974 1111 1072 pallescere
1138 976 1263 1074 culpa.

370 1100 516 1195 Roscia,
545 1099 607 1174 dic
631 1099 753 1196 sodes,
780 1099 920 1174 melior
943 1100 1004 1176 lex
1032 1127 1081 1177 an
1109 1125 1317 1199 puerorum
1345 1112 1401 1177 est

370 1224 504 1322 Nouia,
532 1251 631 1325 quae
653 1251 817 1324 regnum
843 1239 945 1304 recte
971 1228 1200 1304 facientibus
1229 1227 1352 1324 offert,

369 1351 418 1424 Et
443 1351 612 1427 maribus
639 1351 766 1430 Curiis
798 1363 838 1427 et
863 1351 1063 1452 decantata
1089 1351 1285 1431 Camillis?

320 1505 346 1546 e
370 1474 460 1550 Isne
483 1475 555 1551 tibi
581 1474 716 1551 melius
742 1476 888 1573 suadet,
914 1476 1088 1577 quirem
1116 1477 1246 1572 faciae,
1274 1501 1370 1574 rem,

370 1599 411 1678 si
439 1603 570 1698 possis,
598 1615 710 1698 recte,
738 1602 885 1699 sinon,
913 1627 1146 1702 quocunque
1171 1600 1288 1676 modo
1311 1625 1405 1697 rem,

368 1726 417 1802 Ut
440 1726 600 1824 propius
626 1737 772 1823 spectes
798 1724 1008 1830 lacrimosa⁴
1023 1737 1203 1822 poemata
1224 1725 1346 1824 Pupi3

295 1875 353 1910 cu
370 1857 532 1928 ὂᾱοιάῑςιηις
551 1855 580 1909 in
597 1855 746 1926 tragoedia
761 1855 897 1910 deMeria
945 1857 1050 1926 opponi
1066 1857 1127 1910 vult
1145 1861 1237 1926 poeta
1265 1855 1397 1911 mamm
1416 1852 1505 1907 lisine

320 1925 418 1982 Sinart
445 1929 474 1981 et
501 1927 530 1981 in
549 1925 664 1998 Virgine
680 1926 895 1995 Aurelianensi).
946 1927 1009 1982 kius
1026 1926 1185 2000 affirmavit,
1203 1927 1273 1982 haec
1291 1927 1380 1982 rerba
1396 1928 1442 1979 liis
1458 1942 1506 1975 ns·

324 2001 418 2053 -list
437 1997 555 2070 animus]
575 1998 656 2052 Hunc
674 2015 806 2053 versuum
823 1997 897 2052 ordi·
946 2021 993 2054 ras
1010 2015 1097 2067 usque
1114 2000 1241 2070 adcutpa
1259 1999 1296 2054 eb
1314 1995 1506 2066 interpolatore

320 2087 384 2124 nem
402 2085 454 2123 noa
479 2086 588 2138 quoqne
611 2074 721 2124 rectum
749 2069 896 2138 hebemus3
945 2075 1047 2140 poetae
1063 2071 1180 2125 obtunsa
1196 2085 1274 2140 ease;
1293 2069 1398 2124 etenim
1415 2066 1507 2120 nihils

321 2141 369 2196 alii
389 2157 452 2194 cum
471 2140 614 2195 codicibus
628 2141 803 2198 contrarium
817 2157 896 2210 prae·
946 2143 1041 2197 colore
1076 2145 1234 2196 ceterorum
1272 2141 1364 2212 megia
1398 2138 1506 2192 ebenum

320 2212 449 2266 tulerunt
482 2210 532 2267 sed
564 2216 674 2266 servate
704 2212 845 2296 particula
871 2217 897 2266 st
945 2212 1033 2268 scribi
1057 2213 1190 2281 potuisse,
1218 2211 1321 2268 deiude
1348 2207 1508 2293 arguendam

319 2285 450 2420 dlii
467 2282 897 2424 luttrutiiltiiitiitt
945 2285 1333 2426 {titibutziem
1348 2288 1511 2424 ntis

321 2426 372 2480 bes
400 2424 513 2494 quidem
544 2441 726 2496 quaecuuque
754 2425 898 2480 hominem
945 2425 990 2480 bis
1008 2424 1161 2496 significari
1179 2425 1269 2496 possit
1292 2424 1443 2480 merens
1467 2437 1508 2474 aa·

324 2511 427 2550 ornare
445 2499 565 2564 possunt
584 2497 714 2562 virtutes,
742 2496 896 2566 ingenium,
946 2496 1036 2563 dacia,
1053 2513 1125 2566 quse
1142 2497 1338 2567 enullacnlpa
1352 2493 1509 2556 abhorreat3

322 2566 897 2640 innocentism‚fecundiem‚incorruptam
1015 2571 1146 2625 tercenti
1158 2573 1281 2625 comatre
1294 2571 1348 2623 sits*
1365 2583 1424 2623 non
1440 2565 1508 2619 recte

322 2638 406 2695 fidem
423 2638 523 2707 (Germ.
546 2640 581 2707 ll,
602 2643 647 2705 -18,
665 2643 701 2711 9),
727 2640 777 2694 sed
795 2641 899 2695 desunt
968 2640 1054 2695 'ctum
1070 2656 1140 2704 asae,
1169 2657 1241 2705 cunr,
1268 2644 1347 2695 recte
1375 2639 1399 2693 si
1417 2633 1511 2691 intelli·

320 2710 374 2767 tibi
392 2727 510 2781 magnac
531 2710 661 2781 divitiae;
691 2715 721 2766 et
738 2721 897 2766 contemne·
946 2720 1039 2782 get-ur,
1067 2727 1162 2765 eorum
1180 2712 1227 2773 sit,
1254 2711 1413 2781 quinoque
1429 2709 1511 2763 banse

320 2783 386 2837 ris«
408 2810 438 2821 -
458 2782 673 2853 quadr-tepentis]
694 2800 794 2837 census
817 2799 898 2851 eque·
946 2798 1037 2851 neque
1060 2781 1151 2837 malae
1173 2782 1216 2835 rei
1239 2781 1362 2837 habeant
1379 2778 1512 2836 muscicu-

321 2856 393 2923 ster;
427 2852 464 2906 ad
487 2858 611 2909 nostram
640 2854 779 2909 rationem
807 2856 897 2909 38198
945 2854 1023 2908 tiam.
1071 2852 1158 2908 Vides
1175 2869 1259 2922 qnam
1275 2857 1360 2909 eante
1371 2842 1445 2906 baso
1461 2849 1511 2903 sint

320 2924 383 2979 flor.
402 2922 489 2979 Rheu.
947 2925 1105 2995 disputate3
1132 2931 1227 2978 tamma
1245 2924 1350 2980 rectius
1370 2940 1433 2979 cum
1449 2920 1513 2974 Doe-

356 2994 388 3052 V.
399 2998 443 3051 59.
480 3000 558 3065 puers·
577 2995 707 3064 ludentes]
734 2995 825 3050 Multo
850 3012 894 3050 re·
946 2996 1065 3051 derlinio
1083 2996 1199 3049 Horatio
1225 2995 1281 3065 ipsi
1303 2995 1419 3065 culpem
1436 2990 1514 3046 ambi·

321 3066 394 3122 ctius
413 3065 495 3137 pueri
514 3067 544 3121 in
561 3066 683 3121 ludendo
694 3067 768 3121 viros
783 3067 895 3121 imiten-
947 3067 1065 3139 guitetis
1074 3066 1229 3137 iniungere,
1248 3082 1408 3136 quamcum
1416 3064 1511 3118 Meina-

320 3144 364 3192 tes
386 3142 415 3193 et
432 3154 519 3208 regna
537 3142 566 3193 et
583 3138 702 3208 imperis
726 3138 896 3193 distribuen·
946 3138 993 3192 irio
1012 3144 1042 3192 et
1060 3142 1197 3207 perpetuo
1223 3139 1283 3193 eiua
1302 3139 1381 3192 socio
1398 3134 1514 3191 Linkero

320 3214 364 3264 tes
382 3228 438 3264 non
457 3226 518 3263 enm
539 3226 634 3279 regem
664 3214 762 3265 creent
785 3209 896 3278 sibique
946 3210 1032 3265 rerba
1050 3208 1222 3278 interpolata
1238 3226 1298 3263 sese
1316 3214 1443 3263 statuere
1458 3204 1517 3258 liee-

321 3296 451 3350 praeesse
470 3280 569 3335 volunt
587 3280 634 3349 qui
660 3280 817 3335 ditissimus
843 3284 896 3342 est,
945 3281 997 3335 bit.
1016 3311 1050 3321 —
1072 3282 1178 3351 Roscia]
1198 3280 1263 3335 ride
1284 3279 1320 3334 ad
1338 3278 1468 3351 Epeos,
1478 3276 1514 3327 16.

322 3352 371 3407 aad
389 3368 471 3421 quem
488 3350 671 3406 iustissimum
690 3348 750 3408 iore
769 3356 895 3421 sperent.
946 3352 990 3406 Ex
1009 3352 1148 3406 v.64noli
1166 3350 1289 3416 efficere,
1306 3351 1419 3423 priscos
1436 3346 1517 3427 bomi3

321 3422 418 3493 Neque
440 3423 570 3478 decerto
598 3422 719 3493 quodam
745 3440 897 3493 puerorum
947 3440 995 3477 nes
1019 3422 1094 3477 idem
1119 3422 1264 3493 cecinisse,
1290 3422 1341 3477 sed
1370 3422 1445 3475 idem
1469 3418 1519 3471 sibi

319 3494 388 3549 ludo
407 3493 589 3565 cogitandum
607 3512 668 3549 esse
686 3494 823 3565 arbitrem
855 3492 896 3548 ui·
946 3495 1126 3565 persuasisse.
1146 3494 1519 3548 Densatursenimestsem·

322 3566 423 3621 muum
441 3565 535 3634 plures
546 3564 622 3619 haud
634 3564 717 3620 dubie
732 3572 814 3620 erunt
826 3565 895 3630 ludi,
946 3582 997 3690 per
1014 3569 1152 3690 repletere,
1172 3564 1202 3618 in
1220 3580 1270 3619 ore
1285 3564 1401 3621 hebere.
1420 3562 1476 3617 Cic.
1486 3558 1519 3613 de

321 3635 351 3689 in
371 3635 470 3705 quibus
489 3635 538 3705 qui
555 3636 618 3691 lites
637 3635 790 3701 dirimeret,
817 3653 897 3707 pres-
971 3640 1023 3690 ret.
1073 3635 1519 3699 ‚ea‚1to:»Utsausssomnss

321 3707 377 3761 mia
388 3705 579 3776 distribueret,
590 3706 718 3761 ordinem
733 3709 898 3763 restitueret
948 3706 1097 3777 diligentes
1115 3712 1144 3760 et
1164 3722 1301 3761 memores
1319 3712 1348 3762 et
1362 3704 1521 3762 sobriioru·

322 3778 490 3849 magistratu
509 3778 601 3848 aliquo
621 3795 690 3848 opus
709 3782 777 3834 eret.
817 3778 898 3834 Hunc
948 3784 1026 3834 tores
1044 3794 1193 3847 percursas
1210 3779 1303 3833 animo
1327 3784 1356 3833 et
1373 3792 1465 3848 prope
1480 3772 1519 3827 di·

321 3850 412 3920 igitur
430 3854 558 3905 creantes
575 3852 656 3919 pueri
676 3850 815 3905 canebant
843 3848 918 3918 (aa.
949 3866 1009 3905 cam
1033 3852 1191 3906 decantatas
1209 3848 1314 3904 habere
1332 3848 1519 3904 debeant«—

321 3928 385 3991 πίας
414 3920 477 3975 vide
495 3920 531 3975 ed
551 3920 639 3975 Canu.
659 3920 695 3985 11,
716 3924 740 3985 1,
760 3924 807 3986 38)
825 3925 899 3975 teate
947 3926 1061 3993 propius
1089 3922 1204 3992 spectes]
1240 3920 1338 3977 sedeas
1373 3936 1462 3991 eques
1493 3916 1521 3969 in

321 3992 533 4063 Porphyrione:
554 3991 756 4061 »Rexeritqui
769 3990 899 4047 recisis·
949 3990 1174 4061 quattuordecim
1211 3992 1366 4047 ordinibus.
1437 3986 1522 4043 Simul

321 4064 390 4133 oiet3
419 4064 467 4133 qui
491 4080 548 4118 non
572 4062 657 4119 faciet
681 4080 737 4117 nou
761 4064 842 4118 erit«
863 4092 897 4103 -
948 4063 1149 4133 perstringitur
1175 4062 1385 4189 praetereundo
1409 4060 1520 4131 Pupius.

321 4138 426 4203 murus]
446 4135 481 4191 el.
499 4134 595 4191 Senes.
615 4134 639 4188 E
662 4138 730 4189 At:
759 4132 897 4206 »philoso-
948 4134 1157 4205 tragoediarum
1196 4134 1310 4189 ebilinm
1326 4134 1460 4205 scriptor.
1497 4130 1522 4183 ls

320 4206 386 4333 phin
400 4248 424 4261 ..
443 4152 669 4277 inexpugnabiiis
688 4222 797 4269 murus,
815 4221 898 4276 quem
947 4206 1021 4261 bunc
1050 4206 1103 4260 sibi
1130 4206 1245 4261 titulum
1266 4205 1365 4261 fecisse
1379 4204 1522 4260 'traditum

333 4282 435 4333 ortana
454 4277 549 4333 multis
574 4276 710 4333 machinis
735 4277 897 4331 lacessitum
952 4276 1090 4332 »Flebant
1114 4276 1198 4332 amici
1224 4282 1254 4332 et
1275 4278 1346 4333 bene
1370 4277 1436 4332 noti
1452 4289 1521 4329 mor·

320 4366 377 4404 non
394 4350 523 4405 transit«
560 4348 599 4403 ld
618 4348 670 4418 Ep.
692 4351 757 4405 105:
777 4350 898 4404 »securi
948 4354 1007 4403 tem
1043 4364 1143 4403 meam:
1171 4348 1243 4403 Nam
1269 4347 1394 4421 populns
1420 4348 1452 4402 iu
1481 4362 1524 4399 me

320 4422 390 4476 tetis
408 4436 510 4493 magua
535 4420 629 4489 portio
658 4424 702 4475 est
720 4418 791 4475 nihil
808 4419 898 4490 iniqui
947 4420 1012 4475 rivo
1030 4418 1216 4475 lacrimatu'st
1232 4421 1326 4475 satia«
1349 4450 1386 4460 —
1415 4438 1525 4487 respon·

321 4490 440 4547 iacere«
463 4522 495 4533 -
515 4494 557 4547 sil
578 4491 713 4562 rossem]
733 4489 808 4545 idern
824 4492 899 4561 qnod
948 4490 1022 4563 aare]
1041 4490 1100 4546 sat.
1118 4488 1155 4555 ll,
1173 4494 1201 4557 7,
1215 4493 1259 4546 85.
1288 4520 1323 4532 -
1349 4488 1445 4563 optut]
1463 4502 1525 4543 cum

321 4568 399 4618 recte
423 4563 529 4632 iecere3
557 4578 640 4633 quem
666 4562 836 4619 sententiam
866 4569 899 4618 ut
948 4560 1087 4617 infinitivo
1115 4578 1168 4633 pro
1197 4574 1274 4633 aptat
1300 4564 1336 4617 ed
1357 4582 1407 4619 rea
1430 4581 1525 4616 omae

321 4650 432 4687 murum
451 4638 568 4689 aeneum
584 4634 679 4705 previa
694 4633 898 4705 cupiditatibus
948 4638 1024 4703 ἅπαις
1042 4634 1214 4690 constructio
1232 4632 1330 4689 durior
1342 4633 1394 4703 qui
1416 4634 1526 4698 emeat,
