3125 5225
421 297 588 364 LIB.III.
611 297 751 366 GARM.
762 299 805 365 V.
826 299 909 367 VL·

253 484 390 560 Fertur
411 486 575 584 pudicae
602 489 777 585 coniugis
801 488 974 562 osculum

255 610 475 710 Parnesque
500 623 609 687 natos
635 625 679 687 ut
704 613 838 711 eapitis
864 615 991 690 minor

303 732 365 810 Ab
391 763 432 813 se
456 739 665 814 removisse
691 751 729 812 et
753 739 904 814 virilem

353 861 501 934 Torvus
528 860 637 935 humi
662 861 835 959 posuisse
861 863 1020 958 vultum,

208 1042 235 1082 π
251 1010 383 1083 Donec
408 1007 581 1084 labantes
608 1009 770 1083 consilio
794 1023 920 1108 patres

251 1133 442 1210 Firmaret
466 1147 600 1209 auctor
622 1159 819 1233 nunquam
844 1135 938 1210 alias
962 1135 1051 1212 dato

303 1258 484 1358 Interque
506 1271 718 1334 moerentes
745 1249 887 1336 amicum

351 1385 539 1482 Egregius
566 1399 793 1482 properaret
819 1385 935 1460 exsul.

250 1531 376 1631 Atqui
402 1533 546 1608 sciebat
572 1534 771 1632 quaesibi
798 1533 983 1608 barbarus

208 1690 235 1728 ω
252 1659 393 1735 Tortor
417 1673 589 1756 pararet:
616 1685 695 1733 non
720 1657 832 1734 aliter
857 1671 985 1734 tamen

302 1785 474 1858 Dimovit
497 1785 688 1859 obstantes
714 1784 951 1884 propinquos

350 1910 399 1983 Et
423 1909 610 2008 populum
635 1909 781 1984 reditus
808 1923 1030 2006 morantem,

253 2059 381 2151 Quam
409 2059 441 2132 si
467 2058 649 2133 clientum
670 2057 788 2156 longa
812 2060 967 2156 negotia

250 2181 474 2258 Diiudirata
495 2182 563 2259 lite
586 2183 822 2282 relinqueret

202 2343 229 2380 a
301 2307 480 2383 Tendens
506 2309 745 2384 Venafranos
770 2310 813 2382 in
835 2335 947 2406 agros

353 2430 432 2506 Aut
456 2430 803 2508 Lacedaemonium
832 2433 1049 2508 Tarentum.

511 2847 701 2935 Osuunu
731 2851 796 2936 VI.

241 3014 393 3089 Delicta
418 3016 606 3089 maiorum
633 3016 845 3092 immeritus
871 3016 964 3111 luce,

240 3140 424 3237 Romane,
453 3139 575 3216 donec
601 3142 745 3240 templa
769 3143 951 3217 refeceris

64 3358 156 3412 bons.
183 3388 220 3399 -
248 3361 402 3431 probrosis]
434 3358 544 3414 Probru
560 3376 624 3414 cum
674 3361 817 3427 scribitur,
845 3362 955 3432 saepius
977 3364 1116 3434 Regulum
1145 3364 1251 3434 populo

64 3426 183 3503 iuducere
195 3429 437 3497 suntsoniuneta3
451 3432 623 3501 quarequod
673 3433 842 3504 probibente
870 3434 993 3491 reditum
1018 3435 1178 3490 tentavisse.
1216 3466 1249 3476 -

65 3502 192 3569 imperium
200 3501 624 3557 RomanumuPocuisvictum
675 3506 765 3574 leupo]
785 3504 873 3559 taedii
892 3507 982 3575 plenu.
1002 3536 1036 3547 -
1069 3508 1249 3577 Venafranos]

66 3572 155 3625 tunam
177 3574 314 3635 minatur,
340 3574 400 3627 eius
420 3573 462 3626 rei
480 3574 562 3642 culpa
580 3578 625 3628 est
673 3576 704 3630 in
723 3575 874 3645 Campania
899 3578 976 3633 sitos.
1007 3608 1039 3617 -
1072 3581 1250 3633 Lacedaemo·

67 3640 286 3719 bignoniuiosu
299 3643 402 3698 ciuium
419 3644 538 3713 ignavis.
565 3644 625 3700 Sibi
675 3650 761 3715 nium]
784 3648 874 3702 Carnu.
896 3649 930 3717 11,
950 3652 975 3713 6,
997 3654 1037 3704 11.

66 3714 105 3781 ipsi
121 3716 254 3771 irascitur
274 3714 407 3787 Regulus.

95 3785 164 3840 W.
194 3792 300 3859 cupitis
321 3786 420 3856 minor]
442 3786 557 3855 »Cupite
575 3786 622 3841 (le-
858 3759 1006 3817 carmen
1024 3762 1070 3819 Ἦ·

66 3855 169 3911 minutus
193 3862 258 3913 erut
277 3858 326 3927 qui
349 3858 379 3911 in
404 3858 528 3912 hostium
544 3863 624 3927 pote·
708 3856 916 3925 Argumentum
933 3855 1015 3911 buius
1035 3857 1166 3913 carminis
1187 3876 1249 3912 cum

65 3934 151 3982 nutem
166 3929 247 3986 venit
260 3951 273 3978 ‹
304 3929 406 3984 Festus
425 3927 622 3995 otuinxxll,
674 3928 774 3996 quinto
793 3930 944 3996 cognatum
964 3931 1015 3982 est.
1064 3928 1135 3984 Nam
1155 3930 1249 3999 Augu·

66 3997 98 4049 60.
126 4000 241 4071 Triplex
257 4006 321 4055 erut
339 4001 441 4070 capitis
460 4000 622 4055 deminutio.
674 4002 733 4052 stus
751 3998 800 4066 qui
819 4016 851 4052 eo
877 3999 1017 4061 tenderet,
1044 4005 1076 4053 ut
1095 4002 1249 4056 Romanam

66 4064 107 4121 luo
123 4069 217 4143 fragm
239 4074 310 4127 153:
330 4078 391 4125 »rat
411 4068 441 4131 ὃς
458 4067 491 4125 τά
509 4090 539 4124 πε
556 4066 623 4125 ἄλλα
673 4068 841 4139 dignitatem
858 4070 933 4123 inter
947 4070 1023 4140 ipsos
1035 4072 1109 4126 cives
1126 4074 1155 4126 et
1174 4072 1247 4141 apud

65 4136 173 4212 nubem
211 4163 253 4203 uc
281 4138 472 4214 Καρχηδόνιος
499 4140 557 4195 ἀλλ’
591 4140 624 4196 mi
673 4146 786 4196 exteras
808 4140 937 4196 nationes
964 4143 1137 4207 restitueret,
1156 4144 1250 4213 previ·

66 4206 178 4279 'humor
199 4209 241 4269 ὢν
263 4214 388 4285 ἔπραττε,
417 4220 462 4268 καὶ
485 4208 545 4268 eins
574 4213 624 4280 τὴν
673 4211 741 4266 tutis
762 4215 791 4264 et
810 4213 997 4281 corruptionis
1024 4230 1079 4283 qus
1104 4214 1251 4271 laborabat

67 4290 162 4346 >sarum
178 4288 207 4346 ἐς
224 4280 325 4355 λόγους
342 4286 452 4346 {tamo
463 4282 523 4340 aire
533 4287 562 4345 ἐς
573 4284 625 4355 τὴν
674 4282 833 4351 respublica
853 4282 932 4353 quasi
948 4284 1056 4340 radices
1068 4285 1187 4341 evellere
1204 4286 1250 4340 de·

68 4348 133 4409 rtur
157 4352 287 4425 καθάπερ
317 4358 459 4424 ἐκβληθεὶς
483 4359 621 4424 retussa«
674 4355 767 4410 bebut.
778 4355 917 4409 Diuturua
927 4356 1028 4411 civium
1039 4356 1180 4411 discordie
1190 4357 1250 4411 fun·

69 4450 93 4461 -
108 4428 251 4489 {malci
261 4428 515 4492 OuiriMetV‚92.
543 4428 622 4501 virg.
673 4428 804 4480 (iumenta
828 4428 983 4480 eommunis
1011 4428 1109 4482 salutis
1131 4428 1249 4483 suffossa

69 4492 152 4568 θεοῖς.
166 4498 216 4569 111,
235 4502 269 4554 51
294 4496 431 4570 ταυρηδὸν
447 4498 620 4570 ὑποβλέπειν.
672 4502 760 4561 eruut,
787 4498 896 4567 priscus
915 4498 1002 4552 timor
1021 4499 1137 4553 deorum
1157 4501 1248 4555 sublu-

71 4593 95 4601 -
111 4572 201 4643 tutor]
221 4569 257 4627 u.
275 4570 335 4627 Cic.
353 4569 389 4624 de
406 4570 451 4628 off.
461 4572 483 4639 1,
502 4575 544 4626 13.
568 4572 618 4637 111,
672 4574 725 4631 tus,
742 4570 850 4639 templa
871 4570 1016 4624 devastata
1035 4570 1080 4624 vel
1104 4571 1239 4639 neglecte,

70 4636 103 4691 ῒῖ.
127 4670 157 4681 ·-
178 4642 295 4712 reditus]
314 4640 420 4696 Pluruli
436 4642 551 4699 numero
572 4644 619 4699 de·
669 4641 818 4711 integritas
840 4640 994 4697 domesticu
1010 4642 1085 4697 ritae
1110 4644 1238 4714 turpissi-
