3125 5225
448 250 452 255 ¹
527 300 617 369 ors.
640 302 670 368 1.
691 298 788 368 ssu.
810 300 870 368 ru.
1135 398 1136 401 Ν
1238 298 1302 365 sce

55 525 82 562 e
106 493 317 591 Excerpsm
337 514 520 566 numero:
545 516 674 591 neque
699 492 802 567 enim
830 488 1059 567 concludere
1084 512 1236 563 versum
1299 464 1305 477 ⁶

103 617 254 694 Dixeris
275 642 359 694 esse
383 618 494 713 sutis3
520 640 650 716 usque
673 617 707 691 si
731 616 818 716 quis
843 616 986 693 scribat
1009 614 1064 689 uti
1086 638 1156 689 noe

104 741 279 820 Sermoni
302 742 499 840 propiore,
524 755 635 840 putes
661 740 764 816 bunc
791 766 875 817 esse
898 752 1063 839 postem.

2 967 3 981 *
104 867 308 981 Ingenium
333 867 396 941 cui
420 867 480 963 sit,
509 866 571 941 cui
594 866 899 941 meus.divinior
924 878 1041 964 utque
1067 889 1108 938 os

3 999 4 1074 5
105 994 249 1092 Magne
269 1004 506 1088 concinnum,
530 990 598 1067 des
620 990 789 1071 nominis
815 990 926 1065 huius
954 988 1151 1063 honorem.

63 1140 85 1180 o
107 1116 257 1193 Idcirco
283 1115 442 1216 quidum
469 1115 670 1192 comoedia
694 1140 817 1192 necue
839 1128 979 1213 poema

104 1243 211 1317 Esset
236 1242 483 1341 quaesissem
511 1242 618 1342 quod
643 1267 733 1318 acer
754 1242 911 1340 spiritus
937 1266 982 1316 ec
1005 1241 1064 1315 vis

104 1366 183 1442 Neo
207 1366 338 1443 vorbis
363 1390 436 1443 nec
459 1368 575 1443 rebus
601 1367 710 1464 inest,
736 1366 811 1441 nisi
826 1364 943 1465 ·qucd
965 1364 1066 1463 pede
1077 1378 1193 1441 ·certo
1233 1348 1246 1427 Ῐ

103 1491 242 1567 Diffcrt
266 1492 433 1567 sermoni
458 1516 587 1569 sermo
609 1516 749 1567 merus.
802 1490 857 1567 At
881 1504 991 1590 peter
1016 1492 1154 1567 ardens

103 1616 243 1714 Saevit,
269 1616 376 1716 quod
400 1616 602 1694 meretrice
625 1639 745 1715 nepos
770 1616 927 1692 insanus
951 1617 1074 1692 emico

59 1764 81 1801 5
103 1740 226 1816 Filius
249 1766 410 1817 uxorem
434 1739 574 1840 grandi
597 1766 685 1816 cum
712 1741 803 1817 dote
828 1755 986 1837 recussu

104 1865 244 1941 Ebrius
269 1879 320 1963 et,
348 1890 531 1965 magnum
559 1865 664 1964 quod
690 1864 870 1963 dedecus,
898 1864 1069 1942 ambulet
1091 1878 1180 1941 unte

103 1989 267 2066 Noctem
294 2015 382 2065 cum
402 1989 564 2066 facibus.
614 1990 813 2091 Numquid
839 1990 1073 2089 Pomponius
1099 1991 1180 2067 istis

105 2113 274 2190 Audiret
294 2113 454 2209 leviora,
480 2126 591 2213 peter
615 2114 648 2189 si
672 2114 845 2190 viveret?
894 2114 997 2213 Ergo

100 2238 188 2315 Non
215 2239 307 2315 sotis
336 2252 396 2315 cst
416 2238 524 2335 puris
545 2264 698 2315 versum
721 2240 962 2338 perscribere
990 2240 1128 2331 vorbis,

54 2384 80 2424 5
105 2366 233 2458 Quem
259 2364 293 2439 si
322 2364 518 2459 dissolvas,
546 2365 673 2465 quivis
698 2364 958 2441 stomachetur
983 2366 1118 2442 eodem

101 2487 190 2580 Quo
216 2502 443 2590 personatus
464 2502 578 2587 pacto
602 2502 723 2588 pater.
775 2489 859 2587 His,
887 2516 959 2591 ego
988 2516 1096 2591 quae,
1112 2518 1226 2589 nunc,

102 2611 211 2692 Olim
231 2618 333 2714 quae
355 2613 510 2713 scripsit
532 2613 716 2712 Lucilius,
744 2616 882 2714 eripias
908 2616 940 2690 si

99 2739 296 2838 Tempore
305 2752 409 2814 certa
417 2737 631 2839 modosque
642 2753 679 2814 ct
688 2741 794 2840 quod
803 2741 909 2838 prius
924 2741 1059 2818 ordine
1072 2743 1233 2820 verbum
1247 2757 1304 2819 cst

100 2862 298 2938 Posterius
320 2862 439 2937 facias
460 2885 701 2962 praeponens
728 2863 865 2940 ultime
889 2865 1035 2966 primis,

53 3011 80 3047 ⁶⁰
102 2986 205 3083 Non,
231 2998 276 3060 ut
299 2987 333 3062 si
357 2986 483 3062 solvus
509 2987 737 3086 „Postquam
766 2969 960 3064 discordia
984 3002 1082 3066 tetre

96 3111 203 3190 Belli
228 3114 394 3188 ferratos
418 3126 546 3211 postes
571 3126 780 3216 portusque
805 3113 997 3214 refregit,“

95 3238 282 3315 invenias
310 3238 424 3314 etiam
451 3237 598 3314 disiecti
622 3241 797 3316 membra
821 3253 969 3340 poetae.

97 3365 300 3466 Hactenus
328 3364 439 3440 hacc:
467 3364 562 3439 elias
587 3365 728 3442 iustum
755 3367 803 3441 sit
828 3391 948 3442 necne
972 3379 1123 3466 potrus,

98 3513 188 3568 rebus
199 3511 334 3582 octabu
354 3510 448 3566 omnis
465 3510 539 3566 enim
555 3512 682 3584 vulgaris
730 3513 781 3568 ire.
800 3513 878 3583 Virg.
897 3515 966 3568 Aen.
976 3513 1012 3579 ΙΙ,
1022 3515 1066 3570 41.
1086 3541 1117 3553 ·-
1138 3513 1231 3586 nepos]
1249 3513 1305 3568 dis·

99 3589 169 3639 sunt
195 3587 229 3639 st
256 3598 293 3637 ex
316 3582 392 3637 vius
418 3583 599 3652 quotidianus
623 3599 681 3637 ser·
731 3585 849 3650 solutus,
869 3580 992 3656 ἀσελγής.
1011 3605 1115 3641 —cmo
1133 3585 1250 3656 suctim]
1269 3585 1304 3640 cf.

98 3671 186 3711 mone
203 3658 327 3724 sumptu
347 3654 554 3710 dicos-etio:
575 3654 681 3710 ›Video
730 3655 808 3710 Pers.
818 3655 850 3720 V,
864 3659 929 3712 163:
951 3657 1012 3711 »An
1025 3657 1106 3713 siccis
1118 3655 1239 3714 dedecus
1257 3657 1306 3712 ob·
1340 3653 1343 3664 ’
1386 3687 1416 3704 ·-

96 3729 193 3782 visurn
209 3743 273 3782 esse
290 3726 432 3780 nonnullis
443 3724 570 3781 Plutonis
584 3731 615 3780 st
626 3725 681 3782 De·
731 3731 802 3782 stem
819 3728 973 3800 cognatis?
990 3745 1026 3783 un
1045 3743 1105 3786 rem
1121 3727 1241 3799 petrium
1259 3745 1305 3782 ru·

98 3799 219 3855 mooriii
228 3796 557 3863 locutionemetsisostt
566 3813 682 3861 eversu,
730 3800 810 3854 mors
828 3800 943 3854 sinistro
964 3799 1061 3855 Limen
1081 3800 1118 3856 sd
1136 3799 1305 3855 obscoenum

98 3875 196 3927 hmcu
213 3867 446 3939 quodlncitutius
456 3868 566 3924 feretur
580 3873 610 3923 et
626 3869 682 3924 clu·
731 3868 868 3942 frangunt,
888 3870 954 3926 dum
965 3871 1108 3942 Chrysidis
1122 3870 1192 3926 udss
1201 3870 1305 3925 Ebrius

97 3942 220 3998 rissuuis
236 3941 391 3997 verborum
409 3941 562 3996 luminibus
576 3943 682 4003 utetur,
731 3941 882 3997 anteferes
893 3943 1032 3998 exstinctu
1042 3941 1301 3999 cunifscecuuto‘?‹

96 4013 196 4084 potius
211 4029 313 4084 poemu
325 4011 482 4083 putcsdmu
497 4029 582 4082 quem
597 4012 682 4067 cumi·
731 4041 764 4054 ·-
778 4015 951 4086 Pompcsiur]
969 4015 1087 4072 utlocus
1103 4015 1211 4082 susdet,
1225 4013 1305 4067 luxu-

98 4087 365 4156 corumpoetsrum,
378 4082 683 4155 spudquosnisiquod
730 4083 1065 4154 riosusiurenis,cetersi
1105 4089 1303 4156 otus-puris

102 4156 237 4213 uersiculi
247 4154 682 4224 suntnihilesteliudquotidit·
731 4156 830 4227 certis]
844 4157 953 4212 Acron:
972 4103 1304 4228 ›sincfflrisctmegnc

98 4228 131 4282 ni
149 4228 285 4285 dissimile
302 4228 465 4285 sermonis«
485 4227 608 4281 Dubium
624 4243 683 4281 non
731 4243 826 4284 sono«
865 4229 980 4296 Quintil.
992 4229 1014 4296 Ι,
1027 4233 1109 4294 11‚o:
1136 4245 1211 4298 »uec
1230 4227 1306 4298 quod

103 4305 147 4355 est
164 4303 233 4370 quin
260 4298 392 4358 construi
413 4298 515 4353 debsct
542 4301 681 4354 comoedia
731 4299 846 4354 minime
856 4301 977 4354 sermoni
987 4317 1060 4372 puro
1070 4299 1226 4364 conveniet,
1241 4299 1304 4356 sim-

100 4384 276 4443 posmme
291 4391 388 4430 sem.
407 4369 683 4440 ct.·v.es.—Aspa·
731 4371 834 4442 plicsm
852 4372 929 4427 vocis
948 4377 1078 4428 usturam
1091 4373 1218 4444 pleniore
1236 4386 1304 4441 quo·

104 4445 153 4514 tn]
168 4444 225 4501 Bes
238 4448 268 4503 in
277 4441 440 4503 comoediis
449 4439 681 4510 frequentissime,
731 4443 797 4498 dum
815 4459 884 4498 sono
902 4443 1116 4498 circumlinich
1131 4473 1166 4488 -·
1177 4463 1304 4516 persono·

103 4533 180 4588 quum
206 4515 392 4577 adveneritis
416 4514 450 4566 ul
473 4511 503 4565 in
530 4511 681 4568 comoediis
732 4528 774 4570 tsi
801 4515 991 4572 incomoedis.
1006 4543 1036 4557 -·
1075 4518 1306 4586 oriquumds'scur·

100 4590 390 4661 efimhoitatimsm
401 4584 682 4650 esseoruiioncmde·
732 4587 779 4642 dia
802 4537 1304 4642 Verms‘n'nniiteslibusscholium.

97 4670 227 4724 mma
247 4661 353 4739 potuit
362 4653 682 4728 sfm:-crdsss]sc.
731 4682 768 4700 ···
786 4657 882 4729 etium]
907 4657 993 4714 etism
1020 4662 1089 4714 tum.
1108 4687 1143 4700 ···
1161 4658 1302 4723 tartesus]
