3125 5225
285 239 347 303 228
755 233 1005 303 CARMINUM
1121 253 1124 259 ’

441 458 466 497 a
483 422 524 500 Si
549 424 634 523 quis
659 422 842 499 infamem
868 422 964 497 mihi
988 448 1089 497 nuno
1114 422 1316 497 iuvencum

477 549 602 625 Dedat
620 550 750 645 iratae,
776 548 945 623 lacerare
971 547 1073 621 ferro
1099 558 1138 621 et

478 673 673 773 Frangere
695 674 818 749 enitar
836 673 953 747 modo
978 672 1140 747 multum
1164 672 1279 747 amati

582 799 737 877 Cornua
763 799 935 874 monstri.

480 948 690 1049 impudens
715 946 818 1047 liqui
841 947 985 1045 patrios
1006 947 1194 1040 Penates,

439 1108 466 1149 ω
482 1072 691 1171 Impudens
718 1072 862 1151 Oreum
888 1098 1029 1148 moror.
1080 1071 1115 1148 Ο
1142 1071 1302 1145 deorum

478 1196 519 1273 Si
548 1197 631 1296 quis
656 1196 751 1272 haee
777 1195 898 1291 audis,
927 1197 1074 1271 utinam
1100 1196 1200 1271 inter
1226 1221 1349 1270 errem

577 1319 868 1420 Nudaleones!
979 1415 982 1422 ¹

477 1468 698 1567 Antequam
724 1468 846 1567 turpis
870 1469 1012 1543 macies
1035 1467 1210 1543 decentes
1260 1478 1266 1485 '
1368 1481 1372 1500 '

474 1591 648 1690 Occupet
672 1591 794 1667 malas
819 1605 1051 1690 teneraeque
1076 1617 1187 1668 suous

400 1722 404 1729 '
432 1750 457 1791 u
474 1718 626 1793 Defluat
650 1717 828 1815 praedae,
859 1717 1031 1815 speoiosa
1056 1742 1199 1815 quaero

560 1843 737 1945 ‚Parcere
764 1842 891 1941 tigres.

473 1994 571 2072 Vilis
596 1994 761 2092 Europe,
788 2008 897 2094 pater
923 2009 1035 2095 urget
1054 1997 1210 2073 absens:

473 2120 579 2213 Quid
605 2121 703 2195 mori
730 2123 882 2196 oessas?
905 2122 1020 2197 Potes
1045 2122 1120 2197 hao
1143 2124 1194 2197 ab
1220 2148 1314 2198 orno

473 2242 690 2330 Pendulum
716 2270 813 2319 zona
838 2246 938 2320 bene
962 2258 1000 2320 te
1025 2259 1154 2321 seeuta

430 2406 457 2445 ao
573 2369 745 2447 Laedere
772 2370 933 2467 oollum3

475 2516 563 2594 Sive
587 2530 625 2594 te
649 2544 764 2617 rupes
791 2532 830 2595 et
853 2517 967 2595 aauta
989 2519 1066 2596 leto

279 2771 382 2834 sorana
400 2749 526 2820 monam]
542 2749 574 2804 In
593 2749 655 2834 aliis
675 2754 704 2805 at
723 2750 805 2834 codd.
821 2754 851 2806 et
900 2751 1015 2822 proprie
1031 2752 1193 2824 praesentia
1206 2752 1389 2823 aolaurgent;
1408 2752 1487 2809 vide

279 2822 360 2878 editt.
371 2827 453 2886 tauri,
464 2825 607 2892 exaperta
616 2831 691 2877 inter
711 2825 851 2877 relatione
900 2821 937 2876 ad
954 2821 1044 2876 Oarm.
1054 2823 1122 2888 ll,9‚
1132 2825 1158 2878 9.
1176 2853 1210 2863 —
1228 2822 1381 2906 pardalem]
1403 2823 1488 2879 ›Ho-

276 2897 306 2949 et
324 2893 507 2948 similitudine
525 2911 550 2976 r.
561 2896 595 2947 72
616 2896 679 2947 orta
692 2840 788 2976 isatis.
901 2894 992 2948 ratius
1008 2893 1127 2964 liguram
1138 2893 1270 2966 Europae
1288 2911 1369 2964 quaer
1386 2897 1487 2950 mori·

311 2967 344 3022 V.
355 2968 398 3021 49.
418 2965 538 3020 Venustr
553 2981 650 3019 varrus
667 2982 748 3036 grau
763 2980 849 3034 oppo-
901 2966 1010 3020 bardae
1027 2969 1058 3020 et
1083 2967 1119 3020 ab
1142 2967 1245 3022 arbore
1260 2966 1409 3036 pendentis
1427 2983 1488 3022 ex-

278 3037 394 3092 uitione:
412 3053 477 3090 nam
495 3052 567 3106 quaa
575 3035 606 3090 id
615 3035 793 3107 impudenter
811 3035 849 3090 le·
900 3036 1048 3106 quisitiora
1080 3037 1163 3092 modo
1191 3037 1333 3108 depinxit,
1368 3037 1489 3094 eollum

280 3109 327 3173 eit,
348 3108 425 3178 quod
433 3110 560 3234 patriam
574 3107 849 3163 domumtemerario
900 3108 1000 3178 ipsum,
1026 3107 1074 3163 aui
1094 3107 1124 3162 in
1150 3108 1201 3164 tali
1226 3113 1318 3164 morte
1334 3109 1489 3166 maximae

277 3197 372 3236 amore
401 3179 432 3234 in
452 3183 517 3234 uota
542 3176 670 3249 reliquit,
703 3197 736 3234 ea
762 3179 849 3234 etiam
900 3183 1097 3250 erantpartea,
1107 3179 1363 3250 dioenapeadalan.
1376 3179 1486 3236 Verbo

277 3255 363 3377 {lili
375 3251 850 3378 ftttltt³²tttt⁰t¹ttat
900 3249 1491 3393 tt‘ttrrttttttttttw

275 3341 564 3448 monetaneum-¹3
575 3393 664 3464 uadis]
700 3340 849 3448 reiitatem
899 3409 1092 3464 comparamus
1116 3393 1200 3464 Sepla
1225 3393 1321 3478 Antip.
1339 3395 1374 3448 54
1408 3398 1493 3450 πλε·

276 3481 347 3535 quaa
371 3465 445 3520 inest
469 3466 498 3520 in
523 3463 574 3520 hae
598 3463 770 3536 pronominis
789 3469 849 3536 quie
899 3471 1006 3520 κταῖσιν
1041 3460 1202 3535 erearum
1235 3469 1354 3534 latum
1383 3470 1488 3534 elom«

279 3554 343 3590 oum
360 3537 581 3606 altarapersona
595 3536 850 3592 aoniunationeno·
899 3535 993 3592 Iaeob.
1018 3536 1128 3604 Quaest
1153 3538 1346 3607 epiap.106.
1388 3540 1494 3594 twa·

280 3609 339 3662 atra
355 3607 453 3677 lingua
469 3623 526 3662 non
543 3607 710 3677 assequitur.
747 3606 850 3662 Omnes
900 3628 1014 3663 manas
1045 3607 1082 3662 ad
1107 3607 1221 3664 lauerat.
1249 3626 1277 3678 p.
1296 3611 1349 3663 524
1374 3611 1494 3666 tamen

278 3679 353 3734 enim
375 3677 442 3734 deos
460 3677 541 3734 simul
553 3680 599 3734 sia
618 3677 787 3749 alloquitur3
804 3695 849 3732 eo·
899 3677 1104 3734 commendavit
1139 3679 1172 3735 id
1202 3679 1279 3749 quod
1305 3680 1335 3734 in
1362 3679 1494 3738 duobus

279 3755 394 3820 gnatum
411 3749 483 3804 illud
498 3749 683 3820 virgilianum
702 3749 783 3818 (Aen.
801 3749 849 3813 IV,
899 3749 981 3806 codd
999 3755 1143 3820 repertum
1166 3756 1211 3806 ast
1227 3763 1320 3808 emata
1339 3771 1353 3805 e
1372 3779 1408 3792 -
1430 3754 1498 3808 Μ·

278 3823 356 3889 625):
389 3825 523 3876 Exortum
551 3825 651 3891 aliquis
679 3821 783 3876 nostris
814 3837 849 3876 ex
900 3821 971 3888 dere,
999 3837 1118 3890 eumque
1135 3822 1224 3878 raouti
1243 3824 1311 3876 aunt
1328 3825 1497 3892 Baptista,

278 3893 386 3948 ossibus
414 3893 499 3958 ullor,
526 3893 577 3959 out
605 3892 665 3948 faoe
692 3891 849 3948 Dardanios
901 3895 1058 3959 Belmina,
1078 3896 1221 3948 uatum.
1265 3893 1395 3950 Celerum
1419 3893 1496 3952 hoe

277 3963 408 4033 ferroque
425 3983 538 4034 sequare
557 3963 696 4021 colonos<
718 3993 748 4003 -
766 3963 849 4034 aeda]
900 3980 989 4034 genua
1006 3964 1105 4018 mortis
1123 3964 1278 4035 vulgarein
1289 3965 1423 4030 heroinm,
1444 3973 1499 4022 ut.

278 4036 396 4107 propria
421 4035 445 4090 si
486 4033 635 4090 ifioatione.
681 4035 849 4106 Sequentem
899 4035 930 4088 in
945 4034 1064 4101 locuta,
1082 4034 1350 4106 Phaedra-tane]
1369 4054 1499 4107 oppor-

277 4107 421 4178 stropham
451 4110 554 4162 uerunt
571 4105 851 4177 quiabeseemallant
899 4111 976 4162 tune.
992 4135 1023 4148 -
1039 4106 1106 4176 ntea]
1124 4107 1190 4164 vida
1206 4107 1243 4162 ad
1263 4107 1499 4173 Carm.l‚2,88.

276 4183 395 4250 propter
412 4176 553 4248 ingratam
571 4195 654 4248 quam
679 4177 765 4234 habet
781 4179 850 4234 ima·
899 4175 1042 4234 Acerbum
1057 4177 1112 4234 hoe
1128 4181 1172 4234 eat
1188 4181 1219 4234 et
1230 4178 1501 4250 indignabundum

297 4252 371 4306 inem
386 4254 416 4308 et
428 4249 643 4320 pulohritudinis
657 4251 780 4321 ineptam
790 4251 850 4304 lau·
899 4249 999 4304 mortis
1010 4249 1173 4319 arbitrium
1193 4249 1500 4321 autumnumque

277 4269 349 4378 dem.
396 4321 428 4376 In
453 4335 558 4391 quare
576 4321 599 4376 ai
618 4321 686 4391 quid
703 4326 850 4392 peceatum
899 4321 989 4376 libere
1008 4323 1119 4391 patrem
1137 4321 1261 4392 reliquit,
1278 4321 1367 4378 libere
1384 4323 1502 4382 etism

204 4445 208 4450 ,
277 4397 329 4460 eat,
351 4394 381 4447 id
396 4393 514 4448 Horatio
535 4393 630 4463 potius
654 4391 777 4448 dandum
805 4397 850 4447 eat
898 4392 998 4450 mortis
1016 4393 1341 4464 genusoonatituendum
1353 4395 1407 4449 eat.
1427 4393 1502 4454 Sic

277 4482 360 4534 quarn
378 4463 487 4520 scribae
504 4463 692 4520 nesciocuius
711 4463 850 4519 nannet
897 4463 1064 4532 intelligitur
1087 4464 1204 4519 verbum
1222 4467 1355 4521 &lerunt
1380 4482 1502 4537 propo

278 4552 373 4590 versus
390 4535 509 4592 faeiandi
527 4536 628 4590 studio.
654 4565 689 4576 -
706 4549 785 4606 arque
802 4538 850 4590 al·
897 4534 1058 4605 malignum,
1077 4535 1118 4590 sia
1134 4537 1220 4591 etiam
1238 4553 1305 4592 saxa
1323 4540 1502 4598 mulceo

276 4607 347 4675 sem]
374 4603 435 4663 Hoo
454 4623 565 4676 quoque
592 4623 756 4676 oxymoron,
783 4624 849 4662 nam
897 4606 917 4662 i.
935 4623 961 4662 a.
980 4605 1017 4662 ad
1033 4609 1155 4664 mortem
1172 4607 1292 4666 dandam
1311 4612 1414 4664 natura
1429 4607 1502 4667 in-
