3125 5225
473 266 536 334 DE
554 266 677 336 ARTE
697 266 908 337 POETIOA.
1224 270 1286 335 619

139 455 332 536 Caedsbus
355 468 395 532 et
418 457 518 533 victu
544 456 662 533 foedo
689 456 876 533 deterruit
902 455 1091 554 Orpheus,

140 581 272 657 Dictus
297 582 349 657 ob
371 580 448 657 hoo
471 580 595 658 lenire
617 582 735 681 tigres
761 580 997 682 rabidosque
1021 582 1164 659 leones.

137 706 268 783 Dictus
294 720 332 784 et
357 705 567 807 Amphion,
593 706 798 785 Thebanae
825 707 1004 783 conditor
1030 708 1149 803 urbis,

90 830 237 909 sisara
260 858 417 910 movere
437 858 531 909 sono
555 832 757 909 testudinis
778 846 817 908 et
837 859 953 932 prece
978 832 1123 909 blanda

137 958 286 1034 Ducere
312 982 390 1057 quo
417 957 544 1034 vellet.
596 956 687 1031 Fuit
711 956 806 1033 haec
833 957 1023 1055 sapientie
1049 954 1258 1055 quondam,

136 1080 298 1157 Publica
321 1080 483 1179 privatis
508 1104 719 1177 secernere,
746 1106 855 1157 sacra
873 1079 1064 1185 profanis,

138 1204 354 1283 Concubitu
378 1206 585 1306 prohibere
607 1230 718 1305 vago,
745 1205 839 1282 dare
866 1207 951 1283 iura
975 1205 1133 1302 maritis,

136 1328 294 1429 Oppida
316 1330 455 1425 moliri,
481 1332 587 1430 leges
613 1317 785 1407 incideie
810 1331 935 1429 ligno:

88 1486 125 1525 ss
137 1454 201 1531 Sic
226 1455 351 1531 honor
378 1468 415 1532 et
439 1480 582 1531 nomen
608 1456 749 1532 divinis
775 1456 926 1533 vatibus
952 1470 1070 1557 etque

136 1579 381 1657 Carminibus
403 1580 517 1655 venit.
567 1581 660 1657 Post
683 1581 755 1657 hos
775 1580 934 1678 insignis
961 1580 1165 1675 Homerus,

136 1704 402 1804 Tyrtaeusque
426 1732 552 1783 mares
578 1707 726 1782 animos
752 1706 793 1781 in
820 1706 960 1783 Martie
984 1703 1088 1781 bella

134 1828 318 1905 Versibus
341 1829 510 1925 exacuit3
538 1830 665 1908 dietae
690 1856 761 1931 per
781 1831 955 1907 earmina
979 1840 1109 1925 sortes,

134 1954 182 2029 Et
203 1953 308 2034 vitoe
331 1966 542 2029 monstrata
568 1956 632 2031 via
657 1967 724 2052 est,
752 1968 790 2032 et
816 1954 942 2054 gratia
967 1968 1104 2067 regum¹

87 2078 274 2156 esPieriis
298 2090 443 2155 tentata
468 2078 604 2177 modis,
629 2080 823 2181 ludusque
846 2091 1018 2179 repertus

134 2203 183 2280 Et
207 2204 416 2302 longorum
443 2230 604 2305 operum
628 2204 736 2281 finis:
759 2232 809 2281 ne
834 2207 936 2281 forte
961 2204 1103 2303 pudori

135 2328 193 2406 Sit
218 2328 291 2404 tibi
313 2329 424 2405 Musa
447 2328 555 2429 lyrae
578 2329 713 2407 sollers
740 2341 779 2407 et
804 2342 935 2407 cantor
957 2328 1114 2428 Apollo.

133 2453 282 2530 Natura
301 2451 413 2529 fieret
435 2452 633 2531 laudabile
657 2478 810 2529 carmen
838 2480 887 2529 an
912 2466 994 2529 arte

135 2576 364 2675 Quaesitum
390 2590 462 2674 est3
491 2603 564 2676 ego
588 2603 659 2655 neo
684 2578 855 2654 studium
882 2579 965 2655 sine
992 2578 1110 2655 divite
1136 2602 1244 2674 vene,

89 2847 121 2886 so
137 2838 225 2904 posta
240 2834 359 2892 oonsffio
369 2835 665 2907 iecitutdignitatem
714 2853 750 2892 ne
767 2853 867 2894 eorum
886 2841 949 2892 orta
965 2836 1085 2902 videtur,
1101 2834 1289 2906 quiHorstis·

89 2905 188 2974 poesir,
219 2905 294 2962 unde
316 2912 398 2962 tants
413 2907 444 2962 in
462 2925 551 2978 genus
568 2909 665 2964 huma·
714 2925 781 2963 num
804 2908 970 2964 vocabulum
998 2907 1155 2964 accuratius
1182 2907 1288 2962 vehent

87 2975 299 3034 nurnbsnedcia
307 2977 666 3044 mdundnsentolaralues
714 2979 1000 3046 definire—Mando]
1021 2979 1287 3042 Osrm.l,24,18.-·

89 3047 270 3104 sollustnrst
285 3067 376 3120 neque
390 3067 452 3106 um
468 3068 590 3120 unqssm
606 3051 664 3107 oni·
715 3053 863 3120 semotio]
892 3051 962 3108 Nam
991 3055 1023 3104 ut
1049 3049 1123 3120 apud
1144 3049 1216 3104 Plet
1235 3049 1288 3118 Ly-

89 3135 169 3188 quam
187 3120 235 3176 vel
258 3119 392 3176 dedecori
407 3121 454 3176 sel
478 3123 579 3192 pudori
603 3123 664 3178 iore
714 3122 766 3178 sid
784 3123 922 3192 pulte.
941 3126 984 3176 est
1005 3126 1058 3186 »(ol
1078 3125 1197 3188 ποιηταὶ)
1221 3118 1288 3194 ἡμῖν

89 3191 261 3256 uenderet.
283 3192 340 3248 nisi
356 3193 405 3262 qui
422 3193 468 3248 vel
483 3193 598 3264 ingenio
616 3195 665 3250 de·
714 3189 810 3264 ὥσπερ
831 3197 983 3265 πατέρες
1001 3193 1058 3260 τῆς
1085 3197 1216 3266 σοφίας
1234 3195 1287 3247 slot

89 3261 202 3318 stitutus
230 3263 277 3317 sel
294 3263 379 3320 limae
398 3264 559 3334 laborisque
576 3267 665 3335 impa-
714 3271 761 3320 rat
777 3263 838 3336 virs
874 3259 975 3325 river«
995 3295 1029 3306 -
1048 3265 1132 3334 lipsio]
1174 3263 1287 3320 »Aereis

89 3332 160 3388 tiens
184 3350 240 3388 neo
268 3343 382 3404 paratus
406 3336 474 3390 sutis
491 3352 545 3392 neo
560 3337 663 3408 dignus
714 3337 788 3392 enim
812 3287 914 3392 saints
936 3336 1047 3406 antiqui
1065 3353 1122 3391 non
1139 3338 1206 3390 sunt
1233 3333 1285 3400 usi,

89 3404 222 3460 assedere
240 3405 366 3462 auderet
393 3407 449 3462 cio
467 3407 503 3462 do
521 3407 630 3466 invent.
640 3407 664 3476 1,
714 3408 765 3464 sed
789 3408 915 3464 roboreis
939 3407 988 3462 has
1012 3406 1172 3462 incidebant
1200 3405 1287 3477 leges,

89 3477 118 3529 t:
154 3476 241 3532 »Fuit
256 3477 398 3545 quondam
414 3482 535 3548 tempus,
551 3495 616 3534 oum
634 3480 665 3535 in
713 3479 788 3535 unde
806 3479 896 3536 adhuc
914 3479 1031 3534 Athenis
1057 3479 1067 3532 l
1123 3495 1150 3532 m
1174 3477 1288 3534 tabulee

89 3547 301 3616 sgnshomines
310 3549 574 3620 passimbestiarsm
583 3567 663 3607 more
713 3545 806 3612 ἄξονες
848 3557 1014 3606 vocantur«
1104 3550 1217 3634 orphyr.
1251 3579 1287 3592 -

87 3619 264 3688 vagabantur
281 3619 663 3678 etsibiviotnierinoritsm
716 3623 854 3705 Tyrtoess]
884 3621 1071 3687 Atheniensis,
1100 3639 1148 3692 qus
1174 3621 1289 3691 Sparta·

88 3691 399 3832 emersus
503 3695 664 3821 szt-
713 3691 1203 3834 surrrecturus
1221 3692 1287 3820 u

89 3829 156 3914 Bpn.
177 3836 264 3890 1082:
302 3831 428 3906 »Ὀρφεὺς
443 3835 500 3907 μὲν
515 3834 570 3906 γὰρ
589 3783 663 3891 rele-
713 3837 794 3894 olene
822 3837 967 3906 recitavit3
1004 3837 1033 3890 in
1061 3837 1162 3907 quibus
1192 3835 1287 3890 horta·

88 3901 175 3963 1⁶55
195 3901 266 3975 ἡμῖν
282 3907 418 3968 κατέδειξε
437 3901 535 3978 φόνων
550 3909 575 3961 r'
592 3905 663 3964 dne·
713 3912 808 3964 ments
835 3909 957 3976 virtutis,
988 3908 1154 3965 &meorum
1177 3905 1286 3970 solatis,

85 3981 215 4098 pretam
237 4005 269 4017 -
290 3982 426 4046 interpres
443 3979 564 4050 demes]
589 3979 663 4034 Plat
715 3979 782 4034 belli
802 3981 920 4036 consilia
938 3979 1167 4048 conscripserat·
1189 3977 1288 4032 lustin.

91 4061 118 4128 Ιο
134 4049 237 4116 peti.
246 4047 297 4102 u:
317 4051 361 4102 »oi
378 4052 489 4115 namot
503 4046 588 4106 οὐδὲν
603 4048 663 4106 tw
713 4051 806 4116 111,5.
827 4081 858 4092 -
878 4053 977 4118 sortes]
1012 4050 1124 4104 oraculo
1142 4047 1285 4118 Delphica

88 4117 317 4190 adsentiretur
340 4121 396 4176 τῶν
418 4121 518 4176 essia«
539 4151 570 4162 -
589 4129 663 4180 stete
714 4123 769 4178 Cic
797 4121 833 4178 ds
862 4122 947 4178 divin.
965 4121 1000 4185 Π,
1018 4125 1069 4178 56:
1110 4119 1196 4176 »Nem
1222 4137 1287 4174 oum

30 4244 37 4267 Ι
89 4192 178 4258 sudo]
192 4190 455 4247 »mutarieraruma
466 4193 661 4264 Commcruq.
713 4216 774 4250 sorr
785 4194 834 4250 illa
847 4194 924 4250 edita
940 4198 986 4248 est
996 4191 1209 4262 opulentissime
1225 4191 1287 4260 regi

89 4287 121 4300 -
140 4262 284 4333 emption]
302 4263 394 4318 Carni.
408 4263 458 4329 ΠΙ,
472 4267 551 4326 lit.
570 4265 662 4336 Epist.
713 4267 809 4321 Asiae:
846 4265 966 4322 Croesus
1000 4263 1101 4332 Halym
1136 4265 1285 4334 penetrem

88 4328 199 4414 L8541.
215 4362 253 4374 ·-
269 4333 355 4406 artis]
376 4334 423 4390 Sic
442 4353 478 4390 ex
495 4337 662 4393 auctoritste
712 4353 843 4409 magnam
860 4340 1004 4407 pervertet
1025 4352 1110 4404 opum
1134 4335 1191 4388 vim
1215 4335 1283 4388 eet«

88 4404 342 4474 antiquissimorum
350 4406 489 4470 oodieum,
505 4408 662 4479 intorques
714 4437 745 4448 ··
756 4415 829 4464 sitos
850 4408 907 4479 oia]
927 4409 956 4464 iu
973 4405 1143 4462 <terminibus
1160 4405 1287 4461 didasca-

90 4479 154 4528 sunt
171 4491 269 4532 ornnes
286 4477 411 4549 Cmquii.
454 4479 554 4536 Altera
577 4479 663 4536 lectio
711 4479 772 4536 licis
799 4479 917 4543 Solonis,
946 4477 1127 4548 Theognidis,
1157 4477 1284 4532 eliorum.

89 4551 169 4612 ursis,
194 4564 279 4617 quam
316 4549 494 4606 raetulersnt
508 4549 662 4620 Bentleius,
714 4555 960 4622 -9ratiarepsml
979 4549 1119 4614 ffierenis,
1138 4548 1283 4612 Theronis,

88 4614 235 4688 flonetius,
271 4619 276 4630 '
334 4637 391 4686 rus,
405 4621 662 4693 exinterpretstio·
710 4622 830 4681 aliorum
852 4621 1012 4693 principum
1036 4621 1163 4692 quaesita
1189 4617 1284 4688 lyricis
