3125 5225
488 263 577 332 nm.
597 265 627 334 1.
646 263 788 335 numu.
808 263 903 332 XIV.
1225 265 1287 333 out

139 452 188 530 In
215 452 332 551 culpo
357 464 414 528 est
438 449 600 545 animm,
626 452 693 552 qui
717 477 759 528 se
783 477 863 526 non
888 451 1025 550 effugit
1048 476 1230 550 unquam.

146 579 206 654 Tu
231 575 483 654 mediastinus
509 577 625 654 tncita
647 601 763 676 prece
790 603 881 652 rura
904 577 1074 675 petebas,

90 734 114 774 n
138 702 252 780 Nunc
275 702 412 778 urbem
437 713 477 778 et
499 699 613 776 ludos
639 713 678 776 et
699 699 839 778 balnea
863 700 998 776 vilicus
1024 713 1153 798 optas3

140 829 205 906 Me
232 838 407 904 constare
432 825 529 902 mihi
553 825 626 901 scis
653 837 689 900 et
716 825 915 902 discedere
939 827 1099 922 tristem,

144 951 467 1051 Quandocumque
490 950 647 1026 trabunt
672 951 798 1028 invisa
820 951 977 1052 negotio
998 952 1172 1026 Romam.

141 1077 229 1155 Non
255 1075 392 1152 eadem
417 1077 618 1172 miramur;
646 1102 691 1152 eo
719 1076 960 1152 disconvenit
981 1077 1083 1152 inter
1342 1158 1351 1173 κ

144 1205 287 1302 Meque
316 1211 357 1276 et
378 1213 436 1276 te:
462 1227 551 1276 nam
580 1227 679 1300 quae
704 1201 856 1278 deserta
880 1212 918 1276 et
941 1200 1134 1301 inhospita
1156 1214 1292 1302 tesqua

87 1357 115 1396 n
144 1325 293 1420 Credis,
316 1349 483 1402 amoena
506 1339 623 1402 vocat
644 1351 795 1402 mecum
817 1326 886 1426 qui
910 1328 1035 1423 sentit,
1064 1339 1102 1402 et
1123 1327 1208 1404 odit

142 1449 254 1542 Quae
278 1459 332 1524 tu·
346 1433 518 1548 puchra‘
534 1463 657 1549 putes.
683 1449 826 1526 Fornix
851 1451 922 1526 tibi
945 1464 985 1528 et
1008 1465 1125 1528 uncta
1147 1454 1292 1552 popina

140 1573 338 1652 Inuutiunt
362 1573 470 1650 urbis
497 1573 742 1670 desiderium,
769 1573 895 1669 video,
923 1587 962 1650 et
986 1575 1092 1674 quod

138 1696 321 1796 Angulus
347 1697 418 1773 iste
442 1695 542 1773 feret
564 1695 677 1794 piper
702 1709 741 1772 et
763 1695 852 1772 thus
877 1697 984 1773 ocius
1009 1726 1095 1796 uva,

140 1820 225 1897 Nee
250 1821 377 1898 vicine
401 1821 532 1897 subest
556 1820 688 1896 vinum
712 1821 900 1918 praebere
922 1823 1082 1899 taberna

88 1974 114 2016 s
142 1945 256 2038 Quae
281 1946 402 2045 possit
426 1945 507 2042 tibi,
536 1967 608 2021 nec
633 1945 812 2020 meretrix
837 1946 1006 2043 tibicina,
1030 1948 1136 2024 cuius

140 2069 210 2152 Ad
234 2069 438 2168 strepitum
463 2069 575 2146 salies
600 2081 726 2146 terrae
755 2070 900 2166 gratim
926 2083 965 2147 et
990 2085 1119 2150 tamen
1143 2099 1259 2173 urges

139 2193 382 2294 Iampridem
407 2217 486 2270 non
512 2205 612 2272 tacte
636 2195 832 2294 ligonibus
858 2221 950 2272 arva
975 2198 1192 2299 bovemque

141 2320 388 2423 Disiunctum
416 2343 525 2394 curas
550 2332 587 2395 et
612 2320 748 2395 strictis
779 2320 981 2397 frondibus
1008 2321 1157 2422 exples3

141 2443 271 2522 Addit
297 2469 393 2544 opus
419 2445 531 2544 pigro
558 2445 672 2542 nous,
701 2447 734 2522 si
761 2445 907 2523 decidit
930 2448 1067 2543 imber,

89 2606 113 2645 a
143 2568 271 2647 Multa
295 2567 397 2646 mole
424 2569 621 2649 doeendus
646 2573 777 2671 aprico
803 2599 962 2671 parcere
987 2587 1111 2673 prato.

140 2692 254 2769 Nunc
281 2716 364 2791 age,
394 2692 488 2791 quid
513 2706 685 2770 nostrum
713 2710 939 2772 concentum
966 2696 1124 2797 dividat,
1151 2698 1254 2777 audi.

143 2818 272 2911 Quem
294 2829 428 2893 tenues
452 2818 616 2897 decuere
642 2834 755 2920 togae
781 2822 973 2923 nitidique
999 2824 1139 2923 capilli,

142 2946 274 3041 Quem
299 2946 372 3023 scia
398 2946 609 3025 immunem
636 2949 801 3027 Cinarae
824 2948 1014 3047 placuisse
1038 2950 1181 3048 rapaci,

144 3070 273 3165 Quem
299 3070 475 3147 bibulum
503 3070 644 3171 liquidi
669 3072 798 3149 medio
820 3071 869 3150 de
893 3071 980 3151 luce
1003 3072 1171 3166 Falerni,

91 3249 164 3320 m]
182 3264 323 3305 tumeret·
351 3276 387 3289 --
410 3247 513 3319 efforuit]
530 3246 564 3302 of.
583 3246 673 3303 enm.
723 3246 768 3301 Ex
786 3247 841 3301 h.l.
859 3245 1001 3301 nonlicet
1016 3245 1192 3310 concludere,
1209 3245 1294 3301 infla·

90 3320 269 3385 11,1o,1e.
298 3344 333 3359 ···
359 3317 547 3386 nutatim]
578 3334 675 3373 seruus
724 3318 792 3373 bino
808 3316 921 3373 Horatii
937 3318 1009 3373 vites
1025 3320 1056 3372 et
1075 3316 1169 3371 sinum
1180 3318 1295 3373 omnino

92 3391 185 3447 infimi
205 3388 324 3453 ordinis,
342 3390 380 3445 sd
398 3388 618 3459 omninnegotis
627 3406 675 3471 pe-
723 3406 781 3447 non
794 3387 1295 3459 tuisse‚idqu0uccrm.1‚soopsrte

93 3470 186 3523 nrm,
205 3462 293 3519 etiam
310 3461 419 3518 viliore.
454 3460 509 3529 Qui
526 3466 593 3517 tunc
614 3460 676 3517 vuli-
725 3460 874 3524 refutatur,
890 3460 942 3515 sed
957 3466 1016 3515 tam
1034 3460 1089 3515 vile
1101 3459 1240 3529 fuitquod
1253 3460 1295 3515 ibi

94 3553 145 3617 cqc
172 3538 309 3603 putent
337 3532 459 3589 rmum
487 3530 619 3600 familiae,
650 3531 675 3585 is
724 3533 893 3587 mwobatnr
915 3534 1019 3595 vinum
1047 3535 1080 3585 nt
1097 3531 1198 3588 silicus
1214 3532 1247 3587 id
1260 3548 1296 3587 eo
1381 3554 1392 3574 κ

93 3606 181 3669 ohm,
209 3620 275 3659 cnm
300 3603 433 3661 Horatius
463 3602 573 3659 inuenio
602 3607 676 3658 esset
723 3602 1124 3673 nomincindiqnumbcberst
1142 3604 1296 3660 Ablstma

94 3680 131 3743 (v.
151 3676 293 3743 es-er)‚
330 3692 462 3746 mopsus
486 3690 568 3731 susm
591 3672 674 3729 fidem
724 3691 777 3745 pro
797 3694 876 3745 φησι
893 3694 981 3743 cm,
997 3677 1031 3728 ut
1046 3674 1105 3729 Sat.
1125 3674 1148 3741 Ι,
1169 3679 1193 3741 1,
1212 3679 1255 3732 97.

96 3748 269 3817 prebuerat
294 3746 325 3801 in
351 3746 465 3817 eiusque
490 3746 536 3801 tei
554 3745 675 3816 gratiam
759 3744 792 3801 V.
814 3748 858 3801 26.
892 3758 918 3801 st
934 3745 1036 3817 tucn]
1058 3744 1168 3803 Ponere
1187 3748 1297 3803 solebat
1355 3745 1360 3754 '

93 3834 128 3873 so
145 3832 265 3880 numus
280 3822 380 3875 motus
402 3820 472 3873 erat
504 3848 541 3876 -,
566 3816 673 3888 terqua]
724 3817 824 3873 vilium
852 3816 1030 3873 incommodo
1052 3834 1105 3872 sua
1127 3824 1158 3872 et
1178 3834 1296 3888 magnos

98 3892 179 3945 »loen
194 3888 277 3946 scitu
295 3886 422 3945 difficilis
438 3891 469 3945 ct
494 3888 600 3944 inculta
622 3888 674 3946 liu·
722 3888 1295 3959 lehareaquibnsopprimereturiuvilln,

187 3960 357 4019 Sabinum
389 3960 431 4015 sic
465 3959 671 4015 nominantem
723 3964 824 4015 contr·
838 3959 902 4015 illas
919 3960 1034 4015 munins
1058 3961 1159 4029 quibus
1182 3961 1249 4016 olim
1266 3961 1295 4014 in

223 4030 307 4100 Cruq.
357 4029 538 4101 Scripsernnt
566 4030 617 4085 alii
638 4046 673 4085 ex
723 4032 796 4087 urbe
810 4031 1026 4097 trummacum,
1050 4036 1118 4087 tunc
1135 4048 1231 4087 curere
1247 4030 1295 4087 de·

95 4103 248 4169 nonnullis,
267 4118 324 4159 non
341 4102 479 4165 omnibus,
497 4101 579 4158 codd.
589 4116 672 4159 tanos.
722 4102 814 4159 beret.
834 4133 868 4143 -
884 4104 975 4174 ptyra]
993 4120 1059 4158 cum
1074 4102 1144 4157 nibil
1162 4102 1296 4172 estquod

97 4174 145 4231 sis
163 4176 276 4231 verim
292 4174 379 4231 otium
396 4172 534 4237 estun,
545 4175 582 4229 36
598 4174 674 4229 inter
722 4178 871 4243 praeterea
889 4192 973 4245 cgere
990 4175 1102 4243 dabam,
1128 4174 1170 4228 its
1194 4180 1229 4228 ut
1244 4190 1296 4243 per

96 4266 180 4303 mu
196 4250 229 4302 et
245 4266 355 4317 pun,
373 4243 491 4301 iniret?
511 4246 587 4303 inter
607 4248 673 4302 otu·
721 4246 821 4301 solitos
850 4246 962 4302 labores
990 4246 1079 4315 quieti
1107 4260 1170 4300 sene
1204 4245 1296 4316 possit

97 4338 150 4387 qu
171 4322 199 4371 et
213 4318 309 4381 ablica
327 4316 398 4371 alias
416 4316 610 4387 similimum,
631 4316 674 4373 ita
721 4316 798 4373 dare·
819 4348 852 4357 κ
880 4316 966 4386 τίνω]
984 4316 1049 4372 ride
1066 4333 1151 4386 supra
1168 4334 1197 4385 p.
1206 4319 1232 4371 9.
1259 4346 1294 4358 -

95 4393 192 4446 “men
207 4388 326 4453 ioculo,
353 4392 386 4444 ut
403 4386 542 4458 Oruquiu!
561 4388 599 4443 nd
615 4386 672 4443 sat.
722 4388 867 4460 docendus]
889 4387 926 4444 ci.
943 4389 977 4442 A.
995 4388 1026 4442 Ρ.
1046 4390 1089 4443 68.
1109 4418 1144 4427 -
1162 4388 1294 4458 cumas]

95 4460 148 4517 ll.
165 4459 296 4525 effimtt,
315 4459 406 4515 ellum
422 4480 539 4530 quarere
557 4476 610 4530 pne
628 4480 673 4517 ea·
722 4458 788 4517 vide
812 4459 849 4515 ed
868 4460 958 4515 Germ.
976 4458 1024 4523 IV,
1044 4461 1087 4526 le,
1105 4462 1149 4513 21.
1194 4459 1295 4514 Ginere
1331 4478 1335 4485 ’

94 4550 160 4587 nu
186 4548 218 4587 se
235 4531 268 4589 in
289 4530 409 4588 vetustis
426 4529 506 4587 oodd.
526 4530 673 4587 inuenisse.
721 4531 871 4587 Horatium
888 4546 955 4586 rere
973 4530 1086 4598 amavit,
1101 4546 1159 4586 non
1170 4535 1296 4587 utentes

98 4632 134 4645 -
150 4603 242 4672 suu]
262 4600 300 4659 cf.
319 4600 378 4657 Sat.
394 4602 430 4673 n,
447 4604 474 4669 4,
493 4604 536 4659 62.
556 4632 591 4645 -·
607 4604 672 4673 m]
722 4602 792 4659 alios
808 4618 957 4660 munerum
976 4600 1088 4673 mist
1104 4605 1190 4673 poete
1206 4603 1296 4673 igitur
