3125 5225
772 288 1022 358 CARMINUM

548 477 754 577 Aedesquc
779 478 949 554 labentes
978 479 1138 554 deorum
1164 490 1202 552 et

592 601 725 679 Foeda
749 603 861 701 nigro
889 602 1094 678 simulacra
1119 603 1239 677 sume.

466 750 564 824 illis
590 764 628 826 te
649 753 837 828 minorem
863 753 967 852 quod
996 753 1107 852 geris,
1133 741 1318 848 imperas,

494 875 597 950 Hinc
622 902 735 952 omne
761 878 1006 975 principium,
1030 877 1105 952 huc
1131 875 1235 951 refer
1261 875 1422 949 emitum:

545 998 594 1071 Di
619 998 740 1074 multa
765 999 932 1098 neglecti
955 999 1144 1076 dederunt

593 1122 807 1221 Hesperiae
832 1124 934 1202 mala
956 1124 1162 1202 luctuosae.

298 1353 352 1406 mis
370 1352 486 1422 flagitiis
505 1353 703 1408 contaminata.
732 1353 872 1408 Pietatem
924 1357 984 1408 tum
1010 1359 1074 1410 ante
1100 1371 1123 1409 a.
1144 1357 1196 1412 729
1223 1353 1329 1422 scripta
1355 1367 1418 1405 esse
1441 1367 1496 1404 non

299 1441 364 1477 cnm
387 1425 552 1494 integritate
579 1424 784 1478 restituendam
809 1443 871 1479 cen·
923 1423 1041 1495 possint,
1062 1425 1218 1480 omnishoe
1232 1442 1304 1479 anno
1318 1423 1429 1476 iuniore
1437 1438 1497 1475 esse

302 1495 360 1548 suit
377 1495 536 1565 Augustus;
564 1495 629 1550 inde
656 1495 715 1549 eius
738 1497 873 1550 inreno·
922 1514 1004 1580 nego.
1057 1497 1128 1551 Nam
1155 1515 1190 1551 ne
1219 1498 1247 1550 in
1278 1499 1357 1550 sexto
1385 1491 1495 1562 quidem

300 1565 398 1620 vandis
432 1568 545 1635 templis
578 1567 608 1619 in
641 1567 872 1636 corrigendisque
924 1569 1073 1637 quidquam
1092 1569 1205 1638 legitur,
1228 1567 1302 1637 quod
1321 1566 1494 1626 annum'iit,

300 1637 427 1692 moribus
445 1638 591 1708 egregium
610 1638 742 1693 studium.
791 1637 873 1706 Quod
923 1656 978 1708 quo
997 1657 1069 1694 anno
1090 1641 1236 1710 Augustus
1257 1637 1363 1708 templa
1381 1635 1496 1690 relicere

298 1727 382 1778 quam
402 1712 509 1763 rectum
529 1709 567 1764 sit
583 1707 716 1763 Horatius
736 1709 789 1763 hoc
813 1725 874 1763 car·
925 1717 954 1764 et
971 1727 1063 1765 mores
1088 1712 1229 1780 corrigere
1254 1707 1368 1779 incepit,
1399 1710 1497 1776 aperte

299 1781 374 1834 mine
399 1779 491 1835 docet.
540 1780 626 1834 Nam:
655 1779 736 1849 »qnia
758 1780 872 1849 privati,
922 1781 1026 1852 prodat
1051 1787 1100 1838 ant
1123 1782 1214 1836 tribus
1241 1781 1321 1835 annis
1347 1783 1414 1850 post
1432 1777 1497 1832 scri·

300 1851 401 1921 inquit,
425 1851 564 1906 commodi
582 1867 662 1906 amor
679 1851 790 1921 priscae
809 1852 874 1907 deo·
924 1857 1005 1923 ptum
1024 1870 1084 1908 esse
1100 1857 1228 1923 nequeat.

299 1940 363 1976 rum
379 1922 527 1993 religionis
545 1922 641 1976 sedem
658 1923 814 1993 occupavit,
833 1922 873 1977 dii
957 1925 991 1979 V.
1007 1927 1031 1980 1.
1068 1928 1168 1996 templa
1187 1921 1329 1994 ressensis]
1349 1921 1385 1975 ef.
1407 1919 1496 1975 Garm.

301 2011 397 2048 omnes
411 1995 583 2048 calamitates
597 1994 627 2047 in
638 1993 753 2063 impiam
762 1994 873 2048 Italiam
925 1995 960 2060 11,
983 1999 1025 2063 15,
1044 1998 1086 2050 20.
1105 1997 1161 2050 Sat.
1175 1995 1246 2064 ΙΙ,2,
1260 1995 1319 2048 104.
1337 1991 1498 2048 Peerlkam-

299 2065 450 2134 miserent;
477 2065 650 2120 infestissimi
672 2065 783 2129 hostes,
807 2065 873 2120 Par·
922 2067 985 2137 pius
996 2066 1173 2123 scribendum
1181 2065 1429 2138 pensitasse„
1442 2079 1498 2116 non

300 2137 350 2203 thi,
369 2137 479 2205 saepius
492 2137 611 2191 victores
623 2138 745 2206 impetus
760 2141 873 2191 nostros
922 2140 1001 2194 bene.
1020 2137 1119 2193 Omnia
1130 2137 1239 2210 flagitia
1250 2139 1279 2192 et
1292 2134 1400 2190 scelera
1417 2150 1499 2204 supe·

303 2207 383 2262 malis
407 2208 546 2262 ominibus
572 2208 667 2262 illatos
695 2208 775 2291 gravi
794 2209 873 2263 clade
923 2210 1029 2265 riorum
1048 2214 1216 2280 temporum,
1246 2207 1347 2277 quibus
1367 2205 1444 2261 bella
1462 2205 1498 2260 ci·

302 2280 460 2334 reiecerunt
480 2281 510 2332 et
526 2279 668 2332 Romarm
686 2280 764 2343 civis,
784 2280 872 2334 Anto·
922 2282 989 2336 vilia
1007 2286 1087 2352 gesta
1106 2285 1135 2336 et
1154 2279 1260 2352 templa
1281 2279 1404 2347 collapsa
1423 2279 1497 2340 sunt,

298 2351 379 2416 nius,
408 2351 594 2405 barbararum
620 2351 748 2420 gentium
777 2351 873 2421 copias
923 2353 982 2406 luet
1000 2351 1067 2408 haec
1084 2357 1170 2418 aetas,
1190 2351 1244 2406 etsi
1261 2351 1323 2421 ipsa
1340 2349 1411 2403 nihil
1424 2363 1499 2403 com·

300 2421 409 2491 (Dacoa
428 2419 592 2491 Aethiopes)
617 2425 651 2475 ut
667 2427 767 2476 contra
783 2423 874 2493 ipsam
923 2425 1009 2480 misit.
1027 2423 1191 2489 Antithesis,
1211 2439 1282 2493 quae
1300 2424 1344 2476 est
1362 2421 1442 2476 inter
1457 2423 1499 2474 ds·

301 2493 423 2563 patriam
450 2493 566 2547 duceret
595 2493 630 2546 ab
658 2495 751 2547 animo
779 2494 874 2564 potuit
924 2499 991 2550 licta
1010 2499 1039 2549 et
1059 2500 1217 2560 immeritae,
1236 2493 1351 2564 egregia
1369 2495 1417 2546 est
1435 2495 1498 2546 eta
1545 2559 1546 2562 Ἴ

302 2567 463 2635 impetrare.
524 2563 647 2619 Deorum
672 2565 873 2620 immortalium
923 2571 1008 2638 poeta
1028 2568 1163 2637 quaesita.
1205 2565 1313 2622 Deinde
1331 2563 1498 2619 coniectura

302 2636 538 2706 contemptionem
561 2641 658 2691 secuta
669 2642 712 2691 est
724 2636 873 2707 turpitudo
924 2642 1037 2694 meritus
1059 2640 1142 2693 solita
1158 2654 1289 2694 cassurae
1309 2636 1391 2691 sedes
1409 2640 1500 2689 muta-

301 2709 465 2771 domestiea,
486 2724 542 2777 qna
551 2722 655 2772 omnes,
668 2708 805 2777 imprimis
815 2726 874 2763 mu·
924 2714 979 2770 tur.
1015 2710 1145 2765 Ceterum
1163 2710 1199 2765 ef.
1216 2710 1330 2765 Sueten.
1348 2708 1425 2777 Aug.
1445 2710 1499 2761 30:

303 2779 394 2845 lieres,
414 2777 515 2848 polluti
523 2781 553 2833 et
563 2779 691 2847 corrupti
704 2784 784 2848 sunt;
802 2780 875 2834 mala
926 2780 1034 2835 »Aedes
1065 2798 1159 2836 sacras
1186 2784 1327 2835 vetustate
1358 2778 1501 2849 collapsas

302 2851 375 2906 enim
400 2850 506 2904 semina
528 2851 618 2903 malos
643 2850 731 2904 edunt
755 2852 873 2906 fmctus.
924 2856 974 2909 aut
990 2852 1120 2907 incendio
1139 2854 1302 2921 absumptas
1321 2848 1449 2905 refecit«
1467 2879 1501 2887 -

302 2922 395 2989 Quare
420 2925 486 2976 ants
503 2921 597 2976 omnia
614 2921 755 2975 iuventuti
772 2940 871 2977 consu·
926 2923 1056 2994 Romans]
1075 2924 1111 2978 cf.
1128 2924 1184 2979 Sat.
1195 2924 1216 2987 I,
1225 2927 1251 2987 4,
1260 2924 1303 2977 85.
1333 2920 1413 2990 Virg.
1431 2921 1501 2975 Aen.

301 2994 415 3049 lendum
438 2995 495 3061 est;
529 2992 688 3047 reducenda
712 2993 741 3046 in
767 2993 874 3048 animos
925 2994 971 3059 VI,
990 2997 1052 3049 852.
1089 2994 1205 3062 Quaen.
1218 2993 1291 3055 VllI,
1309 2994 1335 3056 6,
1354 2994 1402 3046 20:
1427 2992 1503 3046 ›Ma-

299 3067 431 3120 invennm
449 3065 542 3135 prisca
558 3063 646 3134 pietas
673 3062 768 3132 prisca
792 3064 875 3119 disci·
925 3067 999 3120 xime
1026 3070 1121 3119 autem
1147 3067 1176 3120 in
1201 3065 1307 3121 orando
1325 3062 1435 3118 valebit
1452 3080 1503 3117 nu-

322 3136 396 3190 linae
416 3136 574 3190 severitate.
611 3134 767 3190 Severitate
787 3140 816 3189 et
836 3134 874 3190 os·
926 3153 1068 3191 merorum
1082 3137 1131 3192 illa
1147 3138 1272 3193 libertas.
1317 3135 1387 3189 Nam
1405 3139 1439 3189 et
1457 3133 1502 3187 li-

301 3156 366 3262 lieio
384 3207 539 3262 assuefacta
555 3205 610 3260 fuit
621 3222 654 3261 ea
671 3206 877 3276 inventusque
927 3208 987 3263 vius
1009 3225 1091 3277 saepe
1110 3210 1151 3263 sie
1162 3209 1232 3264 dicit
1243 3212 1376 3263 Romanas
1392 3208 1503 3273 proelia

303 3279 441 3348 quidquid
465 3295 499 3331 ex
523 3278 608 3332 rebus
625 3277 759 3332 Romanis
777 3294 875 3347 parpe-
926 3285 1020 3345 sistor,
1050 3296 1113 3335 cnm
1130 3280 1272 3335 Romanos
1291 3276 1391 3334 vicisse
1413 3275 1503 3346 signi·

301 3355 352 3404 tua
371 3350 500 3419 splendet
518 3350 609 3419 gloria
647 3352 877 3416 antemnaeque
926 3348 1017 3405 licat«
1072 3351 1121 3405 Vis
1152 3349 1289 3420 quaedam
1316 3353 1346 3403 et
1373 3350 1505 3418 gravitas

302 3420 450 3485 Hannibal,
467 3420 602 3489 Pyrrhus,
623 3364 778 3474 lntioshus
796 3438 876 3489 supe·
926 3424 999 3477 inest
1026 3421 1056 3475 in
1080 3422 1216 3492 singulari
1242 3437 1339 3476 omnes
1358 3419 1505 3473 Romanm

302 3492 359 3547 rati
384 3494 459 3545 sunt.
511 3490 618 3545 Nostra
645 3497 724 3545 aetas
750 3491 876 3545 deterior
927 3492 964 3547 ad
982 3510 1067 3547 unum
1086 3495 1165 3562 quasi
1181 3510 1284 3563 corpus
1296 3490 1458 3561 colligente
1474 3520 1502 3527 -

302 3567 361 3633 est;
386 3562 432 3617 avi
458 3563 550 3616 nostri
573 3562 709 3631 perniciei
737 3563 876 3633 originem
926 3564 1011 3634 famo]
1031 3568 1060 3619 et
1078 3565 1215 3620 incendiis
1234 3570 1263 3618 et
1281 3564 1397 3617 incuria.
1431 3561 1506 3615 Nam

302 3638 465 3705 posuerunt,
489 3640 584 3703 patres
611 3632 785 3688 incrementa
803 3639 877 3689 attu-
926 3652 991 3691 cum
1009 3636 1125 3705 antiqua
1142 3634 1271 3691 aedificia
1289 3650 1346 3689 non
1362 3632 1506 3688 haberent
1545 3660 1546 3669 ι

302 3707 405 3769 lerunt,
432 3702 532 3773 quibus
559 3721 610 3757 nos
628 3721 726 3759 rursus
744 3705 876 3776 improbi·
926 3724 959 3761 ea
975 3710 1116 3761 tectorum
1134 3706 1271 3762 foramina
1289 3706 1391 3775 quibus
1408 3704 1508 3757 fumus

303 3780 364 3830 tate
387 3777 429 3830 ita
451 3780 633 3844 praestamus,
661 3778 695 3829 nt
723 3776 778 3831 nisi
802 3792 876 3831 nunc
926 3778 1001 3847 apud
1020 3794 1071 3833 nos
1090 3779 1233 3850 colligitur
1250 3783 1279 3833 et
1297 3776 1438 3839 educitur,
1456 3792 1507 3829 ne·

302 3848 395 3918 ipsum
422 3846 591 3917 corrigimur
618 3864 635 3900 a
661 3846 790 3916 malaque
820 3863 875 3916 qaia
926 3850 1078 3903 cessarium
1097 3856 1159 3905 erat
1183 3853 1216 3903 ut
1233 3850 1264 3903 in
1282 3848 1396 3917 templis
1415 3846 1507 3901 etiam

301 3919 456 3974 incedimus
483 3920 529 3973 via
554 3916 727 3973 deflectimus
753 3919 877 3988 peiorem
927 3920 1075 3975 simulacra
1092 3920 1208 3976 deornm
1227 3920 1396 3975 lavarentur.
1421 3947 1454 3956 -
1482 3930 1508 3972 te

303 3992 389 4045 etiam
417 3990 503 4043 simus
532 3988 659 4047 relicturi
685 3990 875 4060 progeniem«
927 3996 1012 4062 paris]
1036 3992 1091 4046 Sat.
1116 3992 1147 4056 ΙΙ,
1165 3996 1190 4056 fi,
1214 3995 1256 4047 19.
1274 4019 1308 4029 -
1327 3992 1509 4061 principissa,

302 4062 387 4117 Vides
416 4061 513 4132 igitur,
552 4062 604 4115 hoe
622 4078 733 4129 quoqne
754 4062 877 4115 carmine
927 4063 993 4187 mii
1002 4062 1066 4117 vide
1074 4062 1111 4117 ad
1121 4064 1211 4119 Germ.
1220 4062 1268 4122 111.
1279 4065 1359 4128 4,41.
1375 4060 1509 4130 Zeugma

304 4134 459 4204 efflagitare
469 4136 591 4203 poetam,
609 4137 640 4185 ut
649 4132 779 4186 iuventus
792 4132 877 4187 rectis
928 4134 958 4187 in
995 4150 1027 4189 oo
1046 4134 1107 4189 loeo
1131 4152 1188 4189 non
1212 4137 1270 4202 est;
1302 4149 1367 4189 nam
1383 4135 1510 4202 princip.

303 4210 334 4260 st
350 4205 454 4260 severis
472 4204 607 4258 doctrinis
621 4204 775 4257 imbuatur·
795 4204 876 4257 aliam
926 4204 1115 4260 nominativus
1137 4210 1188 4260 est.
1211 4203 1292 4273 Quod
1309 4208 1342 4258 ut
1358 4202 1510 4272 intelligas

303 4277 400 4331 salutis
419 4276 494 4330 viam
513 4292 573 4329 esse
590 4274 704 4329 nullam.
724 4306 752 4314 —
766 4244 874 4341 ltostat,
928 4276 1182 4337 conferascie.de
1201 4274 1368 4341 off.111,e,
1387 4276 1432 4327 36.
1473 4273 1511 4327 de

303 4353 336 4402 nt
354 4348 389 4402 de
408 4351 535 4416 tempore
547 4346 648 4400 horum
662 4363 712 4399 sex
721 4346 876 4400 carminum
929 4352 1032 4403 seneet.
1046 4352 1087 4415 12,
1098 4351 1141 4404 39.
1160 4348 1273 4403 Terent.
1285 4344 1372 4400 Andr.
1383 4344 1403 4409 1,
1417 4348 1444 4408 1,
1456 4347 1510 4399 99:

303 4435 393 4489 pauca
409 4418 508 4473 dicam.
534 4416 610 4484 Quae
629 4434 693 4472 cnm
711 4418 879 4487 cognatione
931 4418 1018 4472 »Hinc
1038 4419 1103 4474 illae
1121 4418 1278 4474 lacrimae«
1307 4444 1341 4457 -
1369 4421 1425 4471 inas
1453 4416 1510 4486 tis]

304 4488 413 4544 consilii
437 4496 467 4543 et
492 4488 547 4542 loci
566 4488 640 4543 inter
658 4505 688 4543 se
705 4487 877 4559 coniungam·
928 4489 992 4543 Non
1011 4490 1054 4544 bis
1074 4490 1218 4545 Monaeses
1246 4494 1275 4545 et
1302 4486 1346 4543 bis
1370 4486 1513 4544 Pacorus.

305 4564 361 4625 tur,
384 4576 442 4614 non
465 4564 584 4629 possunt
600 4576 664 4614 esse
682 4559 788 4614 diversi
805 4564 874 4615 tem-
929 4560 978 4616 sed
997 4562 1082 4615 semel
1096 4562 1242 4617 Monaeses
1261 4562 1343 4616 a701
1357 4558 1395 4613 Μ.
1408 4556 1511 4612 Crassi

303 4631 389 4700 poris.
434 4629 493 4685 lam
518 4646 582 4685 cum
599 4634 730 4700 quartum
748 4634 778 4687 et
796 4632 877 4701 quin·
928 4634 958 4687 et
981 4632 1067 4689 semel
1085 4632 1227 4703 Pacorus,
1254 4630 1355 4689 Orodis
1373 4628 1461 4693 iilius,
1494 4646 1512 4685 a
