3125 5225
861 256 903 321 14

280 464 351 509 rurn
374 440 539 529 praesenti
562 440 664 506 tutela
686 439 808 505 factum
837 460 910 505 esse
938 441 1168 526 profitetnrtl).
1221 436 1289 505 Sed
1312 436 1482 504 sufficiant

280 552 361 615 lraec
385 550 426 614 de
449 548 570 637 pietate
591 548 720 613 Horatii
744 570 825 635 erga
849 545 939 613 deos.
995 547 1048 613 De
1079 545 1231 629 amicitia,
1262 566 1360 633 quam
1381 546 1482 611 Mae-

280 658 387 721 eenati
405 666 597 744 perpetuam
622 656 773 739 serravit,
805 656 870 720 iam
892 654 1016 720 dictum
1038 666 1107 737 est3
1142 662 1242 721 restat
1270 664 1308 718 ut
1339 654 1382 720 de
1410 654 1483 719 alia

280 766 376 832 animi
408 766 582 831 affectione
607 762 715 853 paucis
737 763 875 846 dicatur,
907 785 989 849 quae
1012 764 1099 829 haud
1117 786 1234 852 parvas
1257 763 1289 829 ei
1318 762 1476 828 crimina-

279 876 387 941 tiones
411 874 543 939 crearit

363 982 440 1049 Non
463 980 565 1048 semel
577 979 729 1045 Horatius
741 980 869 1046 Musam
890 1000 980 1044 suam
1002 980 1144 1044 iocosam
1169 978 1314 1066 appellat
1333 988 1367 1045 et
1386 1002 1481 1046 amo-

279 1095 369 1160 ribus
389 1092 532 1158 deditam
546 1088 597 1173 ⁵⁸).
650 1086 719 1154 Sed
741 1109 807 1152 non
831 1086 1017 1170 defuerunt,
1046 1089 1103 1172 qui
1124 1108 1221 1153 veros
1243 1096 1362 1175 poetae
1384 1110 1480 1153 amo·

278 1222 332 1267 res
353 1199 587 1285 intelligendos
619 1218 691 1263 esse
722 1216 828 1285 paene
859 1196 981 1280 ubique
1015 1208 1175 1282 negarent
1204 1216 1313 1282 neque
1335 1197 1369 1261 in
1391 1198 1480 1261 mul-

279 1308 320 1375 tis
343 1305 541 1373 carminibus
563 1304 604 1369 ad
628 1302 832 1391 exemplaria
853 1322 974 1389 graeca
994 1324 1147 1387 magnam
1179 1314 1305 1391 partem
1337 1325 1480 1392 expres-

279 1416 324 1483 sis
347 1414 522 1503 quidquam
552 1411 651 1477 aliud'
668 1410 822 1476 riderent
849 1410 912 1475 nisi
944 1410 1036 1475 lusus
1065 1411 1222 1495 quosdam
1253 1413 1400 1499 poeticos
1433 1416 1480 1479 ab

277 1523 386 1588 animo
408 1530 525 1608 poetae
546 1519 771 1584 alienissimos.
826 1516 891 1599 Qui
918 1515 945 1580 si
974 1516 1052 1582 satis
1074 1518 1338 1603 recordarentur,
1367 1522 1480 1606 qualis

278 1606 366 1695 esset
386 1628 491 1713 lyrica
513 1628 634 1715 poesis,
656 1646 817 1712 quamque
840 1624 1013 1710 indignum
1035 1636 1129 1713 poeta
1155 1646 1233 1692 vere
1256 1628 1373 1713 lyrico,
1396 1629 1480 1694 alie·

278 1742 339 1803 nos
360 1758 476 1803 sensus
497 1736 677 1802 imitantem
704 1733 789 1799 nihil
819 1754 924 1820 prope
947 1754 990 1798 er
1017 1756 1077 1799 suo
1098 1734 1206 1800 animo
1229 1744 1284 1800 aut
1306 1737 1375 1802 rita
1394 1736 1478 1802 hau-

278 1846 357 1929 rire,
374 1846 473 1933 longe
499 1846 594 1913 aliter
617 1844 811 1911 iudicarent.
851 1842 1041 1929 Antiquitas
1060 1844 1102 1909 ad
1124 1855 1253 1911 nostros
1276 1868 1385 1912 mores
1405 1869 1478 1913 non

278 1963 329 2018 est
349 1956 548 2037 revocanda3
572 1956 606 2019 in
628 1976 690 2038 qua
712 1952 886 2017 honestum
908 1950 980 2034 fuit,
1002 1952 1170 2037 frequenti
1193 1954 1419 2023 recordatione
1442 1968 1479 2023 et

279 2062 459 2128 imitatione
485 2064 641 2128 bonorum
670 2060 868 2147 scriptorum
889 2058 1057 2124 doctrinae
1081 2060 1277 2147 elegantiam
1302 2064 1478 2132 scientiae·

278 2190 342 2257 que
365 2168 613 2256 amplitudinem
635 2190 714 2255 prae
734 2189 770 2233 se
792 2169 890 2233 ferra.
922 2170 1127 2253 Quamquam
1144 2167 1246 2252 igitur
1265 2173 1381 2255 negari
1405 2195 1477 2239 non

278 2287 396 2366 potest,
423 2278 559 2345 Horatio
592 2298 729 2363 graecos
757 2298 857 2365 saepe
886 2287 997 2363 poetas
1029 2277 1183 2364 exemplo
1216 2278 1328 2362 fnisse,
1361 2290 1475 2347 tamma

278 2388 332 2453 ubi
367 2397 399 2453 et
430 2410 493 2475 qua
515 2388 641 2453 ratione
665 2388 799 2469 inerint,
833 2386 906 2473 quis
938 2408 1026 2451 nunc
1050 2386 1231 2472 deperditis
1258 2387 1326 2453 illis
1356 2388 1477 2474 lyricis

279 2496 399 2583 ubique
420 2496 533 2563 dieat?
571 2496 688 2581 Neque
712 2494 890 2583 quidquam
913 2494 1020 2581 magis
1042 2503 1242 2581 potestesse
1265 2516 1476 2582 perversum,

278 2627 376 2691 quam
395 2607 582 2694 ubicunque
605 2604 742 2671 duorum
764 2615 935 2692 poctarum
956 2603 1080 2670 similes
1101 2603 1261 2689 quaedam
1288 2604 1475 2671 sententiae

278 2716 497 2803 reperiantur,
534 2715 577 2780 ibi
612 2715 750 2780 alterum
773 2715 917 2800 praeisse
948 2712 1090 2777 alterum
1117 2712 1279 2778 imitatum
1299 2735 1372 2779 esse
1395 2737 1479 2782 con·
1544 2772 1545 2779 ,

281 2821 390 2889 festim
412 2821 559 2887 divinare
568 2822 612 2904 *).
667 2821 735 2890 Sed
761 2832 836 2887 cum
858 2821 957 2886 dubia
978 2841 1032 2885 res
1050 2820 1103 2900 sit,
1139 2819 1320 2886 carendum
1339 2831 1399 2906 est,
1427 2845 1477 2889 ne

314 3009 359 3076 ts)
382 3012 427 3074 lll,
447 3011 473 3074 4,
492 3011 526 3063 25
549 3025 607 3078 sqq.
900 3010 1003 3077 potest,
1029 3010 1203 3078 quantopere
1231 3024 1246 3060 e
1270 3007 1385 3062 Graecis
1417 3007 1479 3061 suis

313 3079 358 3146 56)
379 3077 469 3134 Carm.
490 3083 510 3143 l,
529 3079 554 3144 6,
574 3081 615 3132 17.
659 3083 678 3146 l,
698 3081 739 3146 19,
756 3079 773 3132 9
790 3096 849 3147 sqq.
900 3078 1105 3148 exemplaribus
1115 3078 1261 3147 pendeat«
1282 3076 1350 3133 ibid.
1361 3095 1388 3146 p.
1396 3076 1478 3131 XXI:

280 3151 314 3216 ll,
325 3154 366 3216 12,
378 3153 410 3204 14
420 3167 480 3220 sqq.
500 3155 533 3214 ll,
547 3154 570 3213 l,
583 3153 616 3204 tt
629 3165 689 3220 sqq.
713 3155 757 3214 111,
769 3153 795 3217 Β,
805 3152 849 3204 69.
902 3148 1052 3204 »Horatius
1063 3153 1214 3218 postquam
1223 3148 1306 3204 initio
1316 3146 1477 3205 emona-

279 3219 368 3290 Epist.
387 3219 422 3288 ll,
443 3225 468 3286 2,
489 3223 531 3276 56.
900 3237 948 3275 cos
966 3220 1061 3290 paullo
1080 3220 1227 3275 sollicitius
1246 3220 1394 3290 expressit,
1408 3219 1478 3274 inde

313 3291 390 3360 ¹¹)ef.
400 3295 503 3348 Garris
516 3289 548 3358 Q.
556 3289 667 3345 Horatii
679 3289 720 3346 Fl.
735 3289 849 3345 carmin.
900 3307 917 3344 a
943 3290 1018 3345 libro
1041 3291 1162 3345 secundo
1190 3289 1351 3345 Carminnm
1380 3291 1478 3344 omnia

278 3361 325 3416 lib.
344 3361 365 3417 1.
393 3361 503 3418 collatis
531 3363 587 3416 sori
608 3363 717 3416 toribus
736 3361 850 3418 Graecis
900 3361 937 3416 ed
954 3379 1036 3416 snum
1054 3361 1189 3418 indicium
1209 3361 1385 3417 conformare
1412 3378 1477 3416 eoe-

276 3431 432 3486 illustrstis
454 3433 570 3488 eeimen.
603 3430 851 3503 alis1sts.p.vlll.
899 3434 951 3502 pit,
968 3433 997 3486 in
1015 3433 1102 3487 tertio
1124 3437 1153 3487 et
1171 3436 1272 3502 quarto
1291 3433 1399 3488 Graeca
1416 3451 1476 3486 non
1543 3436 1544 3439 ’

282 3501 352 3570 »Qui
369 3451 464 3574 paulin
482 3505 639 3558 eccssmtius
658 3505 732 3558 inea
746 3521 776 3559 re
789 3517 850 3555 ver·
899 3510 1042 3558 mutuatus
1079 3509 1122 3557 est
1149 3504 1205 3558 nisi
1235 3509 1269 3556 ut
1301 3503 1475 3558 Graecorum

277 3577 356 3630 setus
372 3574 434 3638 init,
452 3573 534 3630 isoile
551 3576 699 3642 invenerit,
717 3593 773 3628 non
789 3589 850 3627 esse
899 3576 1067 3630 suavitatem
1092 3575 1163 3630 loeis
1192 3575 1302 3643 aliquot
1327 3574 1473 3632 adderet«

276 3645 484 3700 consuetudinis
526 3646 696 3700 Horatianus
740 3647 851 3714 integre
899 3645 967 3699 ibid.
992 3663 1020 3716 p.
1037 3645 1128 3699 XXII:
1157 3645 1294 3712 Quoniam
1323 3645 1376 3700 hoc
1406 3664 1476 3715 quo·

278 3715 449 3772 Graecorum
460 3719 584 3771 carmina
594 3717 749 3770 imitatione
758 3716 850 3785 expri·
899 3732 953 3785 que
976 3715 1105 3781 vidimus,
1136 3733 1197 3771 eam
1226 3717 1414 3771 imitationem
1437 3719 1475 3772 ab

275 3803 352 3842 mere
372 3791 402 3842 et
424 3789 520 3844 eedem
538 3787 740 3844 sententiarum
767 3787 849 3852 serie,
898 3787 996 3844 eodem
1023 3805 1075 3857 per
1097 3788 1303 3842 diversissimos
1329 3789 1407 3843 locos
1430 3789 1472 3842 di·

276 3857 378 3913 nedum
391 3857 490 3914 iisdem
501 3859 603 3924 verbis,
611 3858 709 3913 Latine
722 3857 846 3914 reddere.
897 3875 1022 3928 spensam
1045 3857 1140 3920 fuisse,
1165 3863 1198 3912 ut
1220 3877 1278 3913 non
1304 3857 1339 3913 de
1365 3859 1472 3928 scripto

277 3933 399 3984 lieentia
427 3931 595 3995 carminum,
628 3930 702 3985 unde
737 3931 848 3985 initium
897 3929 946 3983 sed
975 3947 1009 3984 ex
1039 3930 1175 3984 memoria
1199 3931 1363 3998 plerumque
1393 3930 1473 3985 facts

275 3999 387 4055 dicendi
398 4006 427 4055 et
436 4003 611 4072 propositum
625 4009 723 4066 sumet,
734 4005 763 4056 et
771 4001 848 4070 prin-
897 3999 1035 4066 rideatur,
1062 4001 1169 4055 Graece
1192 3999 1303 4056 Horatii
1331 4002 1471 4071 interpre-

275 4071 380 4140 cipsles
397 4079 553 4142 sententias,
573 4072 602 4126 in
623 4073 775 4142 conspicua
809 4071 848 4125 le·
896 4073 967 4127 tatio
986 4089 1020 4126 eo
1039 4071 1203 4144 diligentior
1221 4089 1282 4126 esse
1300 4070 1394 4135 debet,
1416 4089 1472 4140 quo

275 4159 394 4268 rau
407 4142 532 4270 :ssu
548 4145 580 4270 t:
594 4089 848 4271 streitruit
897 4142 1472 4283 das...

275 4289 327 4350 tes,
353 4231 453 4354 quibus
480 4287 604 4341 carmina
623 4304 673 4341 sua
692 4286 849 4358 distinguat
898 4285 1104 4355 Saepenumero
1137 4289 1231 4338 mente
1258 4286 1353 4353 potius
1387 4301 1472 4353 quam

275 4363 304 4411 et
323 4355 421 4410 doctos
439 4357 543 4412 amieos
562 4362 673 4412 moveat
691 4357 735 4412 vel
754 4357 847 4412 oblec·
897 4357 986 4412 oculis
1006 4357 1139 4423 cernitur,
1168 4355 1306 4426 insignem
1330 4357 1471 4425 quandam

274 4431 325 4488 tet,
351 4444 367 4480 a
393 4428 507 4484 Graecis
532 4429 694 4484 auctoribus
719 4432 847 4498 repetere
897 4427 997 4483 Graeci
1015 4427 1163 4496 scriptoris
1183 4428 1352 4481 sententiam
1371 4427 1471 4482 abilo-

240 4557 243 4562 .
275 4499 354 4560 solet,
365 4505 398 4552 ut
407 4500 591 4571 multiplicem
601 4499 726 4562 illumso
740 4498 847 4554 varium
896 4498 968 4553 ratio
986 4504 1128 4566 arreptam
1146 4501 1175 4551 et
1183 4501 1388 4567 pertractatam
1399 4515 1469 4565 esse,

276 4574 409 4622 orationis
430 4583 563 4640 ernestum,
591 4573 620 4625 in
644 4589 699 4639 quo
723 4571 770 4626 six
788 4570 846 4624 diei
895 4569 975 4624 utin
992 4567 1210 4637 serbisqnidem
1225 4569 1302 4624 nulle
1314 4567 1469 4624 admodum
