3125 5225
661 414 665 419 ι
780 314 972 386 sronon

481 494 675 582 Hibericis
700 520 854 606 peruste
876 506 1031 580 funibus
1054 504 1151 579 latus
1244 520 1248 528 '

577 632 628 706 Et
651 657 764 706 crura
786 630 883 705 dure
911 628 1108 727 compede.

447 758 584 832 sLicet
610 757 796 855 superbus
819 753 990 831 ambules
1013 754 1188 851 pecunia,

580 882 750 956 Fortuna
774 905 852 954 non
877 890 999 953 mutat
1022 904 1153 976 genus.

478 1004 657 1099 Videsne,
684 1004 841 1080 Sacram
866 1003 1045 1094 metiente
1074 1015 1111 1077 te
1137 1003 1239 1077 viam

584 1130 683 1207 Cum
707 1128 765 1202 bis
791 1128 907 1202 trium
932 1126 1110 1203 uinarum
1137 1141 1238 1223 toga,

477 1253 526 1329 Ut
552 1278 620 1327 ore
644 1263 766 1328 vertat
791 1250 866 1327 huc
891 1264 928 1328 et
954 1251 1029 1327 huc
1054 1252 1226 1327 euntium

281 1438 335 1488 ret.
369 1433 402 1487 In
421 1451 476 1502 qus
492 1450 525 1486 re
543 1432 615 1487 bene
633 1432 855 1487 animadverten·
905 1433 941 1489 cf.
961 1432 1041 1491 Hom.
1058 1432 1091 1488 11.
1110 1432 1197 1499 XXII,
1216 1436 1268 1488 263
1283 1450 1325 1503 sq.
1348 1466 1377 1475 -
1402 1435 1478 1486 Hibe·

282 1504 350 1559 dum
368 1506 420 1573 est,
445 1504 593 1558 Horatium
611 1520 669 1559 non
686 1504 782 1559 servili
802 1521 854 1573 qus
905 1506 983 1576 rictu]
1002 1522 1037 1561 ex
1055 1509 1150 1574 sparto
1165 1504 1316 1574 Hispanico
1335 1502 1431 1560 tortis.
1444 1532 1478 1543 -

282 1576 330 1629 ille
350 1574 450 1630 fuisset
476 1575 640 1644 condicione
663 1580 696 1630 ut
713 1575 854 1630 hominem
905 1578 1022 1646 peruste]
1041 1576 1132 1646 Epist.
1141 1575 1163 1643 1,
1181 1578 1222 1643 16,
1231 1578 1274 1630 47.
1292 1574 1387 1631 Urunt
1404 1576 1478 1629 enim

283 1646 525 1701 vehementissime
551 1646 705 1716 castigaret
734 1662 854 1702 commo·
905 1646 1022 1702 vulnere
1039 1647 1158 1717 flagellis
1177 1646 1259 1701 fectu.
1280 1676 1312 1686 -
1337 1648 1474 1719 conpede]

282 1722 344 1772 tum
368 1736 436 1782 esse
466 1718 516 1771 sed
543 1718 652 1773 vilitate
675 1724 705 1773 et
728 1718 855 1787 nequitis
905 1719 937 1773 ln
953 1735 1039 1788 prose
1057 1719 1185 1773 erutione
1203 1718 1323 1773 usitatus
1336 1715 1478 1774 solusfuit

280 1791 855 1930 ituitffttrtttt‘fftffitut
904 1788 1479 1931 disistittettttffitttutttt

282 1929 404 1986 Pecunia
422 1930 497 1985 enini
513 1948 571 1984 non
587 1936 790 1997 moresmntet,
805 1932 854 1986 sed
905 1932 1174 2002 constringerentur.
1225 1931 1328 1986 Poetee
1354 1932 1478 2002 primurn

283 2002 430 2067 rationem,
449 2019 503 2070 qun
520 2000 613 2070 quales
628 2002 686 2055 sint
703 2019 795 2056 mores
814 2002 854 2057 in·
905 2003 949 2057 usi
966 2006 1032 2057 sunt
1054 2004 1177 2058 ablativo
1195 2002 1352 2072 singularis,
1379 2006 1479 2073 posteo

283 2072 402 2128 dicetur.
428 2072 479 2126 Ille
497 2072 571 2126 enim
589 2089 684 2127 servus
700 2073 776 2127 furtu
795 2074 855 2143 egit
904 2072 992 2128 etiem
1044 2074 1132 2130 nitivo
1152 2080 1182 2129 et
1199 2074 1367 2129 accusativo.
1380 2094 1479 2129 -αιη-

282 2148 311 2199 et
330 2145 478 2213 nequities,
504 2148 536 2216 ut
559 2142 678 2213 flagellis
697 2147 727 2198 et
744 2160 854 2214 compe·
904 2148 990 2212 beleel
1031 2150 1066 2199 ct.
1079 2146 1100 2210 Ι,
1115 2148 1140 2207 2,
1153 2148 1196 2201 25.
1221 2144 1243 2213 1,
1253 2147 1279 2209 4,
1292 2148 1341 2213 66;
1363 2144 1479 2215 respici·

283 2215 365 2270 dibus
384 2233 402 2269 n
419 2214 531 2269 domino
559 2220 749 2284 coerceretnr3
776 2215 854 2270 dives
902 2219 951 2270 tur
968 2216 1088 2271 hominis
1106 2215 1246 2271 affectatio
1270 2216 1419 2287 dignitatis
1450 2220 1480 2287 et

281 2285 373 2341 fectus
390 2291 420 2340 et
443 2285 572 2340 tribunus
590 2286 713 2341 militum
731 2287 855 2340 omniurn
906 2286 1059 2358 grsritstis.
1108 2287 1251 2342 Claudiurn.
1269 2288 1298 2341 in
1316 2287 1437 2357 Eutrop.
1455 2286 1477 2351 1,

282 2358 312 2411 in
323 2358 369 2411 vis
379 2356 471 2427 Appia
480 2357 682 2411 ambulantium
701 2357 855 2427 proborum
905 2360 971 2412 306:
985 2362 1094 2415 ‚erecto
1106 2363 1223 2429 pectore
1232 2358 1478 2415 &resumentes

282 2428 425 2482 hominum
452 2427 673 2499 indignationem
701 2433 730 2483 et
760 2428 854 2483 odium
906 2429 1104 2494 tetulisse:
1125 2434 1171 2484 »ut
1189 2430 1236 2483 ille
1251 2447 1324 2485 nuno
1337 2430 1478 2499 superbus

283 2499 337 2554 sibi
357 2498 505 2553 contruxit.
525 2499 667 2569 Scriptum
685 2515 797 2555 carmen
811 2504 855 2555 est
905 2505 935 2555 et
949 2501 1121 2583 superfluens
1132 2500 1339 2557 Perumbulebit
1353 2500 1479 2557 omnium

282 2587 346 2628 cum
364 2570 460 2625 classis
480 2574 630 2639 peraretur
653 2575 752 2626 contre
769 2571 855 2626 lutro-
906 2572 1008 2627 cubilis
1016 2570 1054 2628 Ut
1066 2573 1176 2652 albulps
1188 2572 1332 2629 columbus
1343 2575 1393 2626 eut
1403 2570 1478 2628 Ado·

283 2660 333 2697 nes
352 2647 382 2697 et
420 2643 506 2696 iratus
527 2642 554 2698 S.
571 2642 697 2714 Pompeii
714 2661 738 2697 e.
755 2647 854 2698 ut718.
906 2643 1008 2698 nouae«
1035 2674 1069 2684 -
1093 2647 1188 2715 penus]
1208 2645 1282 2699 Male
1299 2643 1481 2714 interpretati
1556 2679 1557 2682 η

282 2713 354 2768 Vide
381 2660 481 2768 dilicit
506 2714 614 2779 iocum,
642 2714 690 2784 qui
717 2714 791 2768 infre
820 2714 856 2769 cd
907 2719 972 2769 sunt
990 2715 1119 2770 servilem
1136 2715 1337 2780 condicionem,
1357 2731 1423 2770 cum
1442 2707 1503 2787 sits

281 2782 372 2854 Epod.
386 2784 712 2855 9‚7trensscriptueest.
732 2785 856 2840 Scholia·
927 2802 995 2840 enus
1022 2803 1138 2842 morum.
1183 2785 1261 2840 Illam
1279 2785 1415 2840 Horatius
1444 2785 1480 2840 ii-

283 2860 344 2910 stse
362 2855 512 2920 affirment,
531 2857 611 2926 tangi
629 2856 659 2909 in
672 2855 726 2911 hoc
736 2857 857 2912 carmine
906 2804 1011 2914 iertini
1032 2856 1106 2912 filius
1129 2861 1207 2912 recto
1233 2857 1337 2912 iudicio
1354 2857 1481 2912 munitus

281 2925 397 2982 Sextum
413 2927 532 2993 Menum,
561 2926 687 2998 Pompeii
704 2927 800 2997 Magni
824 2928 857 2981 li·
907 2945 964 2984 non
982 2929 1177 3001 vituperasset.
1205 2927 1482 2999 oi.Epist.Ll2,10.

281 2998 408 3066 bertum;
435 2999 459 3052 is
478 3003 571 3053 autem
590 3015 650 3053 nu.
661 3015 687 3053 o.
698 3001 751 3054 718
767 3015 858 3068 neque
908 3031 942 3042 -
966 3005 1078 3055 Sacram
1102 3002 1239 3068 metientel
1263 2999 1376 3054 Sacrum
1397 2999 1482 3065 vium,

281 3068 410 3123 tribunus
429 3068 551 3123 militum
569 3069 623 3123 fuit
641 3086 730 3139 neque
747 3070 777 3123 in
796 3087 859 3140 per·
909 3087 979 3142 quse
1006 3071 1042 3125 ed
1068 3071 1106 3126 Ge
1127 3069 1237 3125 itolium
1263 3070 1400 3136 ducebat,
1427 3070 1482 3126 fre·

280 3139 358 3194 tibus
376 3139 522 3195 Octaviani
545 3139 685 3210 stipendis
702 3139 778 3206 fecit,
809 3141 859 3196 sed
909 3145 1041 3212 quentare
1071 3090 1181 3198 soidbet
1212 3141 1364 3197 otiosorum
1393 3142 1484 3198 horni-

281 3209 365 3265 cIcssi
387 3211 414 3265 S.
440 3211 566 3280 Pompeii
589 3210 720 3281 praefuit.
767 3210 859 3280 Quare
909 3231 976 3267 num
993 3214 1086 3268 turba.
1107 3213 1162 3268 Set.
1182 3213 1204 3282 1,
1224 3215 1251 3277 9,
1271 3217 1294 3267 1.
1325 3217 1420 3268 Metiri
1436 3232 1483 3269 su·

279 3282 456 3351 probabilius
464 3288 509 3337 est
517 3282 650 3353 castigari
661 3285 766 3336 Vedium
774 3300 861 3352 quen·
909 3289 967 3340 tem
993 3285 1094 3340 acerbe
1123 3283 1230 3340 dictum
1249 3285 1284 3340 de
1302 3283 1415 3340 homine
1434 3285 1483 3354 qui

281 3351 347 3406 dnm
361 3357 467 3420 Rufum,
490 3353 539 3422 qui
556 3353 585 3406 in
602 3354 692 3408 titulis
712 3353 858 3409 nonnullo·
910 3356 1017 3412 otiosus
1042 3360 1181 3412 strenus
1204 3360 1292 3412 totum
1314 3356 1388 3410 vium
1416 3373 1483 3426 per·

280 3440 343 3477 rum
363 3424 492 3478 codicum
512 3425 680 3479 nominetur.
697 3425 731 3478 In
748 3426 856 3481 incerte
906 3426 1038 3493 ambulat,
1070 3427 1130 3482 aliis
1159 3428 1268 3482 scilicet
1291 3429 1324 3480 nt
1348 3427 1483 3482 ostendet

281 3511 313 3548 re
331 3494 446 3548 dubium
464 3497 516 3558 est,
536 3512 603 3551 num
619 3499 694 3550 recte
713 3495 767 3550 huc
785 3495 855 3550 refe·
906 3516 988 3570 quam
1008 3499 1107 3568 emptis
1126 3502 1155 3552 et
1178 3497 1309 3569 pretiosis
1327 3497 1479 3554 uestimen-

281 3568 382 3619 runtur
410 3581 480 3634 quae
504 3567 579 3636 apud
595 3565 715 3622 Dionem
740 3566 811 3634 LIV,
822 3571 856 3622 23
905 3573 943 3627 tis
961 3574 1066 3624 utatur.
1085 3569 1160 3624 Talis
1181 3570 1255 3625 enim
1273 3573 1482 3640 toguestquee

281 3635 429 3708 leguntur:
460 3631 528 3691 »κάν
552 3638 590 3707 τῷ
606 3634 679 3708 αὐτῷ
699 3631 784 3708 τούτῳ
804 3641 856 3694 ἔτει
905 3639 1064 3710 insequenti
1073 3658 1155 3696 versu
1171 3641 1354 3710 describitur3
1373 3641 1421 3695 cui
1440 3641 1482 3695 ni·

279 3707 353 3794 (339)
367 3701 485 3792 Or'rrjdror¹
489 3711 601 3763 Πυλίων
617 3706 768 3774 ἀπέθανεν,
788 3707 856 3782 ἀνὴρ
906 3713 945 3768 hil
963 3711 1036 3766 desit
1055 3711 1131 3780 quod
1145 3710 1267 3767 delicato
1278 3711 1362 3766 etiem
1372 3711 1483 3767 homini

282 3781 369 3838 αλλως
385 3780 441 3850 μὲν
457 3775 661 3853 ουδὲνμνὴμης
678 3775 753 3841 ἄξιον
770 3801 856 3853 παρα.
907 3788 1019 3856 gratum
1037 3787 1067 3838 et
1083 3783 1187 3838 iustum
1204 3783 1295 3854 possit
1313 3781 1412 3838 videri.
1449 3783 1483 3838 In

282 3843 548 3935 cxo'p'rvocssutyr'aep
565 3853 598 3912 ἐξ
611 3849 857 3921 ἀπελευθέρων
906 3855 986 3912 codd.
1008 3853 1143 3924 scriptum
1163 3857 1205 3909 est
1222 3857 1262 3909 tir
1282 3867 1338 3922 ter3
1367 3872 1403 3909 ex
1420 3855 1483 3926 qui·

281 3922 404 3992 ἔγεγονει
442 3926 489 3975 καὶ
523 3923 560 3977 ἐν
586 3931 661 3982 τοῖς
687 3925 857 3979 ἱππεῦσιν
905 3927 957 3982 bus
978 3927 1070 3980 verbis
1095 3943 1157 3980 oum
1180 3929 1245 3997 epte
1262 3925 1403 3980 sententie
1423 3943 1483 3980 non

280 3987 436 4062 ἐξητάζετο),
466 3995 512 4048 rut
540 3993 571 4048 δὲ
591 3995 629 4064 τῷ
653 3989 761 4065 πλούτῳ
779 3997 810 4068 τῇ
828 4015 856 4051 re
905 3997 995 4084 possit
1025 3997 1201 4066 extorqueri,
1236 3995 1397 4066 recipiendo
1424 3997 1482 4052 fuit

281 4061 406 4208 ictu
424 4059 856 4194 irruiturus
905 4067 1483 4210 zrsrtutuutsrstutnt

489 4180 494 4191 .
541 4179 547 4191 .
586 4178 592 4190 .
643 4180 650 4205 ,
702 4180 709 4192 .

281 4207 311 4264 in
328 4209 382 4263 hoc
401 4209 515 4264 animali
537 4213 670 4277 (murena)
688 4211 855 4264 documento
903 4179 1019 4268 secedit
1038 4209 1231 4280 exscriptore
1250 4210 1369 4274 duorum
1390 4211 1483 4266 bono·

281 4279 414 4334 saevitiae
427 4281 522 4333 Vedius
535 4283 632 4344 Pollio,
651 4297 734 4349 eques
753 4280 854 4336 Romu-
902 4300 966 4337 rum
988 4281 1113 4338 codicum
1125 4285 1166 4336 tia
1178 4322 1184 4335 .
1195 4294 1205 4336 ι
1218 4285 1373 4350 alearum
1394 4297 1484 4350 quem

281 4368 342 4415 nus,
358 4363 395 4404 ex
414 4351 509 4405 amicis
522 4351 579 4406 divi
589 4351 720 4422 Augusti,
738 4351 852 4407 vivariis
902 4355 982 4413 rides
1017 4353 1096 4408 facile
1123 4353 1248 4422 potuisse
1283 4353 1319 4408 sb
1358 4351 1484 4408 incentis

281 4438 377 4476 esrum
405 4422 572 4504 immergens
596 4422 728 4477 damnate
748 4424 852 4478 menoi-
903 4425 1002 4480 scribis
1022 4421 1175 4494 corrumpi.
1196 4424 1230 4480 ci.
1251 4422 1307 4480 Cic.
1324 4421 1435 4491 Cot-11,
1448 4427 1483 4478 10

280 4492 351 4562 piu«
392 4491 538 4547 GtTecit.
558 4491 670 4558 sunl,
690 4496 733 4549 10.
903 4495 988 4552 »velis
1007 4495 1136 4556 amictos,
1164 4513 1220 4549 non
1236 4496 1336 4566 togis«
1365 4525 1400 4536 -
1427 4500 1481 4550 tce

316 4560 385 4617 V.1.
403 4563 600 4689 rortttqsorte
616 4565 710 4636 siege
725 4568 851 4621 noturus.
902 4579 927 4623 er
948 4569 1010 4636 tue]
1059 4567 1149 4622 oetiue
1177 4583 1231 4638 pro
1258 4567 1314 4621 huc
1342 4569 1372 4622 et
1397 4564 1480 4624 illuc.

281 4631 325 4688 De
345 4631 486 4690 discordis
520 4651 639 4707 uporurn
666 4642 852 4709 stagnorum
900 4635 970 4698 Vide
981 4635 1017 4694 ed
1026 4584 1116 4710 kipod.
1124 4639 1199 4703 2,31.
1215 4639 1481 4711 -ermoauan
