3125 5225
172 210 176 217 ’
259 251 323 318 ssa
717 249 991 320 sarrannun

310 434 445 511 Altera
468 437 720 537 Tisiphonen:
746 450 940 539 serpentes
966 452 1082 540 atque
1103 440 1253 517 videres

259 592 285 633 a
311 560 490 638 Infernas
515 587 643 639 errare
668 590 792 660 66666,
820 564 1047 665 Lunamque
1071 567 1281 662 rubentem,

309 688 367 763 Ne
393 690 495 764 foret
515 686 575 763 his
601 689 717 785 testis,
743 702 831 787 post
856 716 997 788 magna
1020 690 1142 766 latere
1165 689 1352 787 sepulora.

310 812 479 889 Mentior
503 826 544 891 at
568 814 601 888 si
626 813 732 913 quid,
754 814 896 889 merdis
924 826 1038 912 eaput
1061 814 1241 913 inquiner
1265 814 1362 891 albis

312 938 527 1015 Corvorum
543 950 659 1037 atque
682 939 723 1013 in
740 964 804 1015 me
826 938 954 1015 veniat
974 939 1130 1015 mistum
1148 950 1265 1039 atque
1285 952 1457 1016 casatum

296 1042 497 1137 ‚Iuliusbt
517 1062 666 1161 fragilis
692 1062 865 1139 Pediatia
887 1064 1028 1163 furque
1053 1062 1238 1139 Vorenus.

260 1214 288 1255 a
313 1184 473 1283 Singula
486 1186 579 1286 quid
596 1191 833 1265 memorem?
860 1212 937 1287 quo
958 1200 1071 1284 puoto
1095 1187 1242 1263 adterna
1255 1187 1458 1288 loquentes

310 1306 477 1384 Umbrae
501 1334 588 1383 eum
614 1309 767 1407 Sagana
788 1321 1010 1387 resonarent
1034 1310 1141 1385 trista
1166 1324 1207 1386 et
1231 1323 1394 1407 sautum,

310 1430 435 1529 thue
457 1430 542 1529 lupi
568 1430 730 1507 barbam
755 1432 882 1509 variae
908 1458 994 1509 oum
1021 1432 1135 1509 dente
1160 1434 1343 1510 colubrae

313 1552 548 1632 Abdiderint
571 1557 705 1636 furtim
731 1556 842 1633 terris
866 1567 904 1631 et
927 1556 1096 1653 imagine
1122 1582 1233 1633 nerea

311 1678 476 1777 Largior
500 1681 636 1757 arserit
658 1681 770 1777 iguis,
798 1693 849 1755 et*
862 1692 904 1757 ut
928 1706 1006 1757 non
1032 1680 1135 1759 testis
1159 1681 1302 1757 inultus

261 1832 288 1872 a
313 1802 541 1880 Horruerim
567 1830 678 1881 voees
702 1804 904 1881 Furiarum
928 1818 966 1881 et
989 1806 1092 1881 faeta
1117 1804 1290 1881 duarum.

255 1937 259 1944 ’
311 1926 422 2023 Nam,
445 1928 615 2026 displosa
639 1942 750 2005 sonat
774 1940 957 2029 quantum
986 1928 1123 2026 vesioa,
1150 1928 1292 2029 pepedi

264 2096 343 2169 virg.
361 2097 457 2153 Bnool.
469 2101 549 2163 686
566 2128 601 2139 -
622 2112 702 2170 atoue
718 2098 835 2171 aanor]
887 2099 966 2165 saris,
983 2098 1058 2155 mala
1072 2100 1146 2156 famu
1162 2098 1461 2159 turonensium.-

263 2168 341 2225 Ordo
357 2169 404 2224 hie
421 2172 477 2225 est:
497 2173 644 2241 serpentes
656 2175 742 2241 atque
752 2171 837 2227 infer-
890 2171 1025 2253 Veram]
1046 2172 1151 2227 »Aiunt
1166 2170 1308 2230 veranum
1327 2170 1360 2239 Q.
1374 2168 1462 2225 liuts-

240 2286 243 2291 .
263 2257 414 2296 nasmnss.
432 2240 613 2312 Hyperbaton
628 2248 837 2313 6666613666]-
887 2242 1022 2297 tiiGutub
1043 2240 1175 2297 libertum
1193 2242 1278 2298 fuisse
1295 2240 1365 2296 adeo
1387 2240 1465 2297 ram-

263 2312 370 2377 matioi,
387 2311 467 2367 ouius
484 2314 611 2385 exempla
628 2314 682 2369 alia
702 2320 768 2369 sunt
779 2314 836 2370 Sat.
888 2331 957 2379 eom,
987 2317 1020 2367 ut
1037 2330 1164 2369 nummos
1182 2319 1363 2383 surreptura
1380 2330 1462 2367 num-

263 2383 285 2451 1,
302 2386 328 2449 5,
350 2386 394 2438 49.
413 2386 456 2437 72.
475 2414 511 2423 -
524 2387 676 2455 Lunamque
687 2384 835 2457 rubratam]
887 2384 1008 2439 molario
1019 2384 1047 2439 in
1057 2383 1342 2441 oalososdsmiserit.«
1356 2384 1464 2439 Com.

262 2453 446 2509 stoeabant
464 2472 548 2526 sagae
566 2457 661 2511 lunam
689 2459 719 2511 et
744 2456 838 2511 sidera
889 2457 972 2526 (unq.
998 2484 1032 2495 —-
1063 2456 1233 2527 resument]
1252 2456 1464 2511 3666616666-

264 2524 300 2581 de
318 2525 403 2580 ooelo.
432 2525 501 2581 Tam
512 2529 595 2582 atrox
604 2532 699 2582 autem
711 2532 740 2581 et
755 2527 838 2583 foeda
888 2528 1075 2583 olamantibus
1093 2527 1246 2595 oodieibus,
1275 2543 1331 2598 quo
1349 2526 1466 2583 666616-

263 2615 309 2652 res
326 2602 369 2653 est
385 2615 457 2668 quas
473 2597 668 2664 oommittitur,
695 2603 729 2655 ut
752 2598 839 2654 etiam
889 2600 952 2656 nior
962 2603 1037 2655 esset
1048 2599 1148 2666 oratio,
1167 2602 1322 2654 resonarint
1337 2596 1464 2654 sonbern-

264 2669 345 2724 Luna
367 2687 436 2739 prae
458 2671 567 2741 pudore
584 2672 686 2728 rubeat
703 2675 733 2726 et
752 2673 839 2726 lateat
889 2671 956 2728 dum
985 2669 1102 2726 sensuit.
1150 2669 1245 2725 666661
1269 2674 1335 2724 sunt
1356 2669 1463 2740 Haupt.

264 2745 332 2810 post
351 2758 452 2812 magna
470 2742 607 2813 sepulcra.
626 2746 727 2813 naam
744 2746 838 2798 autem
888 2742 1010 2798 Meiuek.
1043 2741 1157 2796 Lintea.
1191 2740 1367 2806 Daedalis„
1403 2758 1465 2798 non

265 2815 392 2884 ”pulcra
408 2813 582 2870 tumulorum
604 2813 739 2883 reliquiae
758 2816 838 2883 sunt;
888 2813 1035 2868 Kirebner.
1069 2811 1124 2868 Sed
1142 2812 1336 2881 imperfeotum
1352 2818 1468 2882 tempm

264 2883 341 2938 horti
359 2883 434 2938 euim
450 2884 575 2940 noudum
591 2891 674 2940 erant
692 2883 820 2954 perfecti.
890 2885 1007 2940 iteratos
1033 2884 1157 2954 Saganae
1185 2899 1249 2938 oum
1275 2883 1382 2940 umbris
1405 2901 1467 2940 ser·

301 2955 333 3009 V.
354 2958 400 3010 37.
438 2958 568 3022 Mentor]
600 2954 704 3025 Priapo
736 2955 840 3012 timore
889 2971 987 3010 mones
1004 2955 1149 3024 exprimit3
1175 2958 1276 3012 ooutta
1295 2955 1355 3024 lupi
1373 2955 1466 3010 barba

264 3027 374 3096 agitato
392 3025 485 3080 omnia
502 3027 608 3082 maiora
623 3026 840 3084 atterribiiiora
890 3025 978 3082 semel
999 3029 1110 3082 tantum
1135 3025 1234 3080 abdita
1256 3028 1308 3081 est.
1354 3025 1467 3082 Deinde

265 3097 326 3153 visa
344 3102 411 3151 sunt
428 3114 511 3166 quam
522 3115 595 3160 ,vere
618 3097 749 3166 fuorunt3
773 3097 839 3154 inde
889 3097 981 3152 forma
998 3103 1124 3154 resonant
1142 3097 1258 3152 insolita
1277 3099 1328 3162 eat,
1356 3097 1403 3152 oui
1428 3113 1466 3152 ex

264 3167 295 3222 in
311 3167 474 3225 narratione
483 3168 618 3228 ridieulae
634 3169 840 3241 superlatiouos
891 3169 948 3226 Sat.
965 3167 988 3237 1,
1000 3172 1034 3234 tf
1044 3170 1080 3224 44
1098 3169 1253 3224 auotoritas
1271 3185 1328 3223 uon
1345 3167 1466 3223 assedit.

265 3242 669 3298 nauseamentis.
698 3241 758 3296 Iam
773 3259 838 3298 oum
894 3269 924 3280 -
951 3244 1009 3311 tupi·
1032 3239 1152 3311 tartum]
1183 3239 1257 3294 Plin.
1273 3237 1404 3304 XXVIII,
1427 3242 1466 3294 le

264 3310 411 3366 mendesio
433 3310 494 3368 eius
518 3314 589 3370 satis
616 3317 685 3368 uota
703 3312 769 3378 sint,
797 3330 839 3368 sa·
892 3310 962 3380 (44):
990 3309 1152 3368 »Venefioiis
1176 3315 1299 3366 rostrum
1318 3311 1377 3382 lupi
1394 3309 1467 3366 resi·

185 3441 190 3449 ,
265 3384 410 3438 ammento
426 3382 510 3444 fidem
528 3385 582 3440 sibi
599 3383 694 3442 faeere
710 3387 837 3440 sonatur.
891 3386 966 3436 stare
988 3383 1176 3438 inveteratum
1203 3381 1283 3438 aiunt
1309 3382 1347 3437 ob
1377 3379 1467 3450 idque

266 3453 848 3608 66666161666666616·
889 3451 1468 3610 deturbatum

265 3597 358 3650 testae
374 3600 463 3650 erant.
481 3599 667 3663 -Pads'ota'al
685 3597 839 3662 Pedianus,
890 3596 961 3651 alsus
989 3613 1073 3668 sagae
1096 3595 1271 3652 adversarias
1293 3599 1377 3652 artes.
1424 3595 1465 3650 uf.

265 3665 419 3726 Romanus.
436 3667 519 3724 bomo
535 3667 714 3724 mollissimus
734 3668 839 3724 staffe-
889 3667 980 3736 Epod.
999 3671 1024 3735 6,
1042 3669 1085 3724 69.
1119 3696 1153 3707 -
1169 3669 1337 3732 fateamur
1353 3667 1464 3738 [66666]

266 3737 389 3792 minatus
406 3736 424 3790 'u
444 3754 469 3792 e.
489 3743 615 3811 [tupiter
634 3739 700 3795 iuda
720 3739 750 3794 iu
767 3739 840 3794 ludi·
889 3737 951 3794 Non
983 3756 1048 3794 rara
1076 3739 1150 3808 apud
1179 3741 1278 3809 poetas
1306 3738 1337 3794 in
1364 3737 1465 3794 666616

266 3808 360 3864 butum
377 3807 504 3864 Pediatia
524 3779 691 3880 appellatus.
720 3810 759 3864 cf.
783 3809 839 3868 Cio.
890 3811 1030 3864 sententia
1053 3807 1185 3866 adieetiri
1207 3813 1237 3865 at
1262 3809 1389 3866 adverbii
1414 3825 1465 3863 au·

267 3879 303 3934 ds
321 3877 439 3945 oratII,
460 3883 504 3944 68,
519 3885 584 3935 277:
612 3898 693 3937 »eum
717 3881 749 3949 Q.
774 3880 796 3936 0
818 3882 840 3936 i·
890 3879 1015 3935 mulatio.
1032 3879 1067 3934 uf.
1084 3880 1141 3936 Sat.
1159 3879 1182 3944 1,
1201 3883 1225 3946 1,
1245 3882 1288 3937 41.
1316 3879 1420 3937 Tibull.
1440 3879 1465 3946 1,
1520 3933 1524 3940 ,

267 3951 339 4006 mius
358 3951 523 4015 consularis,
549 3952 597 4022 qui
613 3901 839 4008 adolescentubrs
889 3955 915 4017 8,
926 3953 975 4006 6οε
1002 3951 1056 4005 »Et
1073 3956 1185 4024 strepitu
1205 3955 1286 4007 mtto.
1297 3954 1368 4022 etan
1386 3967 1466 4008 rese·

266 4022 340 4078 mals
355 4023 488 4089 audisset,
505 4021 759 4080 featirobominiE
783 4025 838 4090 'io‚
890 4037 954 4080 rare
970 4021 1068 4078 fores«
1089 4021 1126 4082 id
1143 4021 1289 4091 11‚1,eo:
1321 4025 1465 4080 »1666666

267 4093 743 4164 quiridsreturmolliorueessset‚
775 4095 781 4108 ‘
806 4097 840 4150 's·
890 4097 988 4150 leniter
1006 4093 1083 4150 afflat
1100 4093 1213 4148 Amor«
1257 4094 1296 4150 id.
1343 4096 1392 4160 ,6,
1411 4096 1464 4150 dtr

268 4170 322 4222 eet:
343 4164 416 4232 Quid
425 4169 467 4234 tu,
476 4169 572 4236 Epr‘tta
582 4167 663 4222 msa?
681 4167 840 4236 quandosd
890 4171 1053 4235 »furtimque
1071 4165 1190 4222 tabella
1216 4169 1319 4222 realta
1345 4167 1465 4236 perteus

267 4255 313 4293 me
330 4235 407 4292 vanis
422 4254 485 4292 oum
498 4237 755 4293 tnaeoluetlana‘?
774 4239 839 4296 Non
888 4239 965 4306 itque
982 4235 1110 4307 reditque
1128 4237 1216 4292 sinu«
1250 4265 1282 4278 -
1310 4233 1402 4306 oasa]
1421 4235 1466 4290 di·

266 4308 324 4378 pol,
342 4307 444 4377 inquit,
460 4307 559 4365 audeo.
592 4307 666 4365 Nam
682 4327 728 4364 ms
745 4310 782 4366 sd
799 4310 840 4364 fa-
888 4309 1039 4378 syllabam
1057 4307 1119 4366 vide
1139 4307 1176 4364 sd
1193 4307 1283 4364 Canu
1302 4306 1351 4372 111,
1371 4308 1398 4370 4.
1416 4311 1464 4362 11.

267 4395 360 4434 mosas
378 4379 469 4435 vetuit
485 4383 576 4436 mater
591 4381 749 4436 assedere«
788 4380 840 4438 Ta·
891 4409 924 4422 -
944 4381 1108 4448 turranius]
1138 4379 1196 4435 Fea
1222 4395 1257 4434 ex
1282 4394 1339 4434 uuo
1364 4377 1465 4436 ordios

269 4449 317 4506 eit.
336 4450 410 4506 Aura
420 4449 493 4520 V1‚5
513 4450 549 4507 ds
568 4449 704 4524 Odiana:
726 4456 840 4508 »Gaiam
890 4450 1004 4522 seripsit
1023 4454 1156 4508 66666666
1172 4467 1237 4506 oum
1252 4448 1466 4578 aequem

269 4519 418 4577 Caesarem
436 4522 516 4590 quasi
532 4523 657 4580 incertas
670 4523 838 4580 virilitatis«
890 4521 1010 4578 Meinek.
1028 4521 1139 4580 Linker.
1167 4521 1319 4604 vulgatum

270 4593 356 4646 iulius
374 4592 494 4648 libertus
510 4592 631 4651 tortam
647 4594 676 4650 C.
692 4593 758 4650 Iulii
773 4594 840 4654 Cte-
890 4594 1062 4652 Kbohuarus
1081 4597 1111 4650 61
1122 4595 1245 4652 terunt
1253 4591 1462 4650 Doederliniut.
