3125 5225
350 1204 397 1309 Q.
433 1203 655 1289 ΗΟΒΑΤΠ
692 1201 883 1287 ΙΙΙΙΑΟΟΙ
914 1204 1048 1289 VITA.

184 1570 220 1649 Q.
234 1570 404 1635 Horatius
420 1570 565 1649 Flaccus,
582 1568 674 1635 cuius
690 1568 805 1633 ‘omnia
827 1590 910 1655 quae
932 1590 1008 1634 cum
1028 1568 1218 1658 aequalibus
1237 1568 1303 1633 suis

104 1680 172 1767 ipse
195 1682 445 1745 communicare
467 1678 571 1743 voluit
592 1686 742 1765 poemata
762 1676 803 1740 ad
827 1699 886 1742 nos
906 1686 1141 1763 pervenerunt,
1169 1676 1208 1743 L.
1231 1679 1302 1743 Au-

105 1788 183 1852 relio
209 1788 309 1856 Cotta
335 1788 376 1854 L.
399 1788 521 1855 Manlio
552 1787 719 1873 Torquato
742 1808 825 1851 coss.
848 1809 876 1851 a.
898 1786 929 1851 d.
953 1786 1012 1852 VI.
1035 1786 1086 1853 Id.
1109 1785 1194 1852 Dec.
1224 1784 1302 1850 anni

105 1895 353 1963 DCLXXXIX
377 1920 409 1983 p.
430 1919 462 1961 u.
485 1920 513 1961 c.
536 1905 629 1961 natus
653 1905 702 1960 est
724 1894 910 1976 Venusiae,
942 1894 1088 1960 Romana
1117 1894 1245 1959 colonia
1267 1894 1301 1959 in

107 2005 227 2090 Apulia
242 2006 317 2073 sita.
352 2006 395 2073 Et
414 2006 476 2093 ipsi
501 2005 632 2092 quidem
653 2014 771 2092 poetae
794 2026 1007 2090 quaecunque
1030 2004 1071 2068 de
1093 2004 1162 2069 eius
1177 2013 1305 2089 natura,

107 2115 260 2195 moribus,
296 2115 403 2179 omnis
435 2116 521 2179 vitae
552 2113 799 2179 condicionibus
831 2112 925 2178 nobis
948 2114 1162 2178 innotuerunt
1183 2113 1229 2177 ita
1250 2114 1305 2179 de·

106 2222 229 2306 bemus,
266 2232 304 2287 ut
326 2224 382 2288 vel
403 2222 467 2287 tria
499 2245 582 2309 quae
611 2222 726 2287 habuit
755 2222 887 2288 nomina
900 2224 937 2306 ¹),
971 2224 1110 2311 patriam
1140 2222 1305 2305 urbem2),

107 2352 224 2395 annum
249 2351 464 2415 mensemque
478 2328 505 2409 ³)
537 2329 678 2395 natalem
711 2328 744 2393 in
777 2328 935 2417 poematis
958 2328 1106 2416 deposita
1128 2329 1305 2396 habeamus

108 2460 214 2524 neque
249 2437 292 2501 ad
327 2438 413 2503 vitae
446 2439 667 2505 narrationem
699 2462 781 2525 quae
805 2435 954 2508 Suetonii
976 2462 1093 2505 nomen
1118 2440 1184 2507 fert
1207 2465 1306 2530 saepe

108 2546 286 2634 confugere
302 2558 358 2614 aut
376 2547 552 2614 debeamus
566 2558 622 2614 aut
636 2549 808 2636 possimus.
831 2547 930 2614 Patre
943 2571 1021 2614 usus
1037 2559 1087 2615 eat
1102 2549 1255 2617 libertino
1264 2556 1304 2638 ⁴),

108 2665 209 2746 mater
230 2679 313 2744 qnae
337 2657 437 2723 fuerit
457 2657 633 2741 nescimus,
656 2679 729 2722 oum
752 2679 911 2744 nusquam
935 2657 1067 2723 eiusne
1093 2679 1213 2724 nomen
1232 2662 1303 2746 qui-

109 2763 181 2826 dem
204 2764 409 2844 nominetur3
440 2774 476 2828 ut
504 2775 640 2853 propter
662 2765 833 2851 egregiam
858 2765 917 2829 filii
941 2764 974 2829 in
996 2775 1122 2854 patrem
1147 2766 1303 2855 pietatem

109 2880 196 2936 recte
217 2871 313 2936 nobis
335 2868 504 2936 videamur
533 2870 611 2936 inde
644 2871 788 2954 efficere,
820 2871 888 2938 filio
922 2873 1018 2938 etiam
1052 2875 1179 2940 infante
1209 2878 1304 2943 morti

111 3001 178 3044 eam
200 2981 421 3048 succubuisse.
476 2980 592 3068 Neque
623 2982 731 3048 fratris
762 2981 962 3048 aut'sororis
985 2982 1150 3072 reperitur
1172 3008 1304 3072 nomen,

110 3097 145 3152 ut
165 3111 248 3154 unus
271 3099 443 3176 parentum
466 3089 552 3156 filius
574 3091 674 3156 luisse
695 3089 854 3158 videatur.
882 3089 993 3170 Quare
1015 3102 1119 3179 pater,
1142 3094 1198 3180 qui
1221 3119 1305 3177 ,ma-

111 3219 166 3260 cro
187 3219 312 3285 pauper
336 3199 466 3284 agello“
489 3197 572 3281 (Sat.
593 3199 621 3282 I,
642 3197 671 3282 6,
696 3200 745 3264 71.
772 3198 880 3266 Oarm.
903 3199 950 3282 II,
968 3199 1021 3285 20,
1036 3201 1081 3284 6.)
1103 3205 1265 3266 coactoria
1279 3207 1306 3280 ⁵)

112 3306 232 3392 exigno
257 3328 393 3372 munere
415 3307 626 3392 fungebatur,
649 3329 723 3372 cum
745 3316 867 3392 quanto
889 3307 1022 3392 ingenio
1036 3307 1123 3373 filius
1137 3309 1305 3397 praeditus

112 3427 195 3482 esset
214 3416 435 3484 intellexisset
459 3440 568 3503 neque
589 3417 706 3483 melius
726 3439 760 3482 se
777 3439 880 3506 puero
896 3417 1120 3483 consulturum
1135 3419 1302 3506 iudicaret,

113 3527 253 3609 quamsi
275 3526 369 3591 bonis
391 3525 508 3591 litteris
530 3526 746 3592 erudiendum
770 3525 862 3590 bonis
878 3525 1043 3610 magistris
1058 3548 1132 3591 eum
1151 3529 1303 3612 traderet,

114 3632 315 3700 Venusinum
335 3633 449 3698 ludum
457 3631 672 3718 Flaviumque
693 3633 897 3718 magistrum,
923 3655 1020 3718 quem
1043 3637 1155 3722 ,pueri
1179 3638 1308 3722 magnis

147 3839 171 3904 1)
190 3835 247 3890 Sat.
256 3835 292 3902 II,
309 3839 334 3904 6,
349 3841 394 3892 37.
428 3835 516 3891 Carm.
527 3835 574 3904 IV,
592 3837 617 3903 6,
636 3837 680 3909 44.
731 3839 784 3899 est,
795 3835 1086 3919 quinpatriiamnon
1096 3855 1178 3894 servo
1189 3839 1239 3894 sed
1249 3859 1307 3895 ma-

111 3905 198 3976 Epist.
211 3907 232 3972 Ι,
246 3911 323 3974 14,6.
353 3909 412 3964 Sat.
421 3907 457 3972 11,
478 3911 500 3975 l,
522 3909 563 3962 18.
588 3907 679 3978 Eporb
730 3924 856 3962 numrsso
865 3913 947 3961 natus
958 3907 1003 3961 sit.
1023 3907 1103 3963 Unde
1113 3911 1188 3979 patri
1199 3916 1308 3966 Horatia·

113 3981 152 4044 15,
173 3981 213 4032 12.
730 3995 832 4032 nomen
842 3979 966 4032 inditum
975 3978 1020 4043 sit,
1029 3979 1169 4035 incertum
1179 3988 1236 4052 θυι,
1251 3983 1307 4037 l'or·

146 4049 172 4118 Ι)
190 4049 246 4105 Sat.
256 4049 292 4115 11,
308 4053 389 4112 1,34.
401 4051 444 4104 35.
478 4049 568 4104 Carm.
587 4048 634 4116 111,
653 4051 678 4112 4,
731 4055 806 4103 tasse
825 4054 943 4120 propter
960 4050 1068 4106 tribum
1088 4056 1240 4123 Horatium,
1261 4055 1307 4109 cui

111 4123 201 4176 9-13.
228 4121 275 4179 IV.
288 4123 314 4188 9,
329 4125 355 4174 2.
381 4119 486 4189 nuso,
504 4123 544 4174 10.
583 4119 641 4174 Sat.
659 4117 681 4180 1.
732 4119 971 4175 omnesVenusini
985 4129 1067 4176 erant
1083 4123 1235 4194 adscripti3
1254 4130 1306 4180 ant

113 4197 151 4254 10,
169 4196 211 4250 30.
731 4209 748 4244 a
766 4191 879 4246 domino
897 4208 1000 4246 nomen
1017 4196 1112 4248 traxit.

141 4263 451 4337 ticcam.111,2l,1.
487 4261 577 4332 Epod.
592 4264 633 4326 16,
655 4263 680 4316 6.
767 4264 795 4330 5)
823 4261 879 4317 sat.
900 4261 921 4328 I,
941 4265 966 4330 6,
992 4265 1036 4318 86.
1075 4269 1222 4320 Coactum
1252 4284 1305 4336 pro

108 4335 188 4408 Epist
205 4337 228 4404 1,
250 4339 296 4404 20,
316 4338 365 4389 27.
730 4333 947 4404 publicanorum
965 4335 1147 4390 societatibus
1171 4338 1306 4406 pecunias

135 4411 161 4483 4)
177 4409 264 4474 Sat-I,
278 4411 306 4476 6,
322 4409 350 4462 6.
363 4405 410 4458 45.
449 4403 538 4472 Epist.
546 4402 568 4467 Ι,
583 4407 625 4470 20,
638 4407 680 4458 20.
731 4405 895 4475 exigebant3
906 4407 1127 4475 argentariorum
1138 4409 1222 4462 etiam
1236 4425 1307 4463 mer·

102 4481 226 4540 Horatius
240 4483 336 4553 poeta
351 4493 419 4531 cum
429 4491 459 4528 se
469 4475 528 4544 ipse
539 4479 680 4546 inpensam
731 4475 839 4530 cenarit
857 4482 945 4530 erant.

97 4557 184 4626 (sam,
193 4557 259 4624 6,8)
272 4545 480 4623 appellaverit,
495 4545 609 4602 dubium
625 4563 681 4601 non

126 4675 223 4717 ttonttm
237 4669 274 4710 ad.
291 4661 447 4706 buranum
461 4658 492 4698 sal·
508 4659 529 4698 v.
1093 4653 1108 4707 1
