3125 5225
862 272 904 337 32

362 460 440 523 bum
468 456 523 523 vel
555 457 802 543 tetrasyllabum
834 457 1049 539 vocabulum,
1082 451 1159 522 nori
1183 455 1382 540 bisyllsbum
1413 458 1482 523 nisi

364 576 480 655 quater
502 567 535 632 in
554 567 680 634 duobus
694 567 809 655 primis
825 567 928 650 libris,
942 568 997 632 vel
1011 568 1073 634 boo
1084 565 1182 633 modo
1196 564 1346 651 luppiter
1363 566 1370 648 Ι
1389 568 1477 651 ἰρεεῖ

362 698 459 739 ruerus
478 677 484 759 Ι
504 678 641 741 tumultu
673 673 860 761 (l,16,12.
901 672 1079 759 1,3o.36.
1118 674 1311 759 Il,17,8);
1345 674 1399 740 rel
1429 676 1480 739 sio

366 782 517 870 Hospitis
536 786 541 862 l
560 784 618 847 ille
637 782 641 865 Ι
660 804 783 847 uenena
801 780 806 867 Ι
827 780 952 847 Coloba
975 779 1151 865 (11,13,8);
1172 790 1247 868 post
1267 779 1480 867 trisyllabum

318 916 321 923 ·
363 890 559 959 vocobulum
583 891 721 955 alterum
753 887 961 974 trisyllabum
992 888 1095 953 semel
1132 899 1256 954 tuntum
1291 888 1327 953 in
1361 899 1477 975 quarto

364 1001 447 1067 libro
469 999 591 1083 inveni,
613 1020 772 1085 nusquam
795 1000 829 1062 in
851 998 1004 1083 reliquis:
1027 998 1078 1063 IV
1079 1047 1089 1080 ,
1098 999 1130 1080 4,
1143 997 1185 1062 tt
1202 1000 1367 1081 nominis!
1390 996 1480 1062 Has·

365 1110 501 1176 dentale
520 1110 524 1187 Ι
544 1112 752 1194 iuterempt03
797 1107 857 1172 sed
889 1108 944 1196 qui
971 1107 1006 1173 in
1031 1107 1149 1173 eodem
1178 1108 1321 1173 oermine
1350 1107 1480 1193 legitur

275 1204 277 1211 ¹
361 1240 476 1285 versos
510 1217 578 1301 (52)
605 1214 734 1304 fallere
773 1230 804 1281 et
828 1218 834 1298 Ι
856 1215 1010 1304 effieqerle
1054 1230 1100 1282 est
1140 1217 1320 1304 triumphus
1359 1217 1481 1284 similis

362 1338 452 1394 eerto
475 1336 534 1393 est
923 1350 928 1359 ·

772 1538 960 1549 —---—-

365 1754 487 1838 Restat,
511 1762 548 1819 ut
572 1752 615 1818 do
641 1752 716 1840 lege
747 1753 886 1841 quedam
906 1751 1062 1836 disemus,
1085 1775 1181 1838 quem
1202 1754 1243 1819 eb
1257 1752 1396 1820 Horatio
1414 1754 1473 1819 ob·

279 1872 441 1929 servotum
467 1882 539 1930 esse
553 1861 737 1928 Meinekius
761 1861 886 1948 primus
907 1862 1146 1929 animadvertit.
1172 1862 1258 1931 Num
1281 1882 1321 1927 ss
1341 1883 1480 1948 quoque

282 1971 436 2055 oermiue,
466 1992 605 2057 quorum
636 1978 741 2035 metra
772 1980 829 2035 sut
858 1970 999 2035 eundem
1021 1992 1151 2037 versum
1171 1980 1334 2060 perpetuo
1357 1970 1480 2036 ordine

280 2088 433 2169 repetunt
454 2074 550 2163 (κατά
573 2077 697 2163 στίχον)
718 2086 774 2143 sut
795 2078 958 2169 δίπροφα
979 2089 1064 2164 sunt,
1086 2081 1132 2146 its
1150 2079 1289 2147 instituit
1304 2078 1482 2160 Horatius,

190 2264 191 2267 Ἴ
279 2198 316 2254 ut
341 2210 495 2254 versuum
529 2208 684 2253 numerus
718 2196 950 2271 quaternorum
970 2210 1125 2254 versuum
1148 2188 1298 2277 strophas
1320 2186 1482 2273 coniungi

280 2304 458 2384 peteretur.
476 2330 482 2341 ·
503 2294 613 2377 Quare
634 2295 781 2381 fuerunt,
803 2298 858 2384 qui
881 2318 919 2363 eu
941 2318 1072 2384 quoque
1096 2308 1200 2364 metrs
1221 2299 1256 2364 iu
1275 2304 1482 2369 carminibus

278 2398 509 2491 τετράστροφα
535 2403 701 2469 heberent.
756 2404 841 2471 Nem
873 2406 960 2493 quod
991 2406 1131 2473 eundem
1153 2408 1264 2493 legem
1294 2410 1328 2475 iu
1350 2410 1482 2498 Epodis

281 2514 487 2579 observatum
506 2534 571 2577 nou
592 2512 715 2597 vident,
748 2514 784 2580 id
807 2537 878 2581 eem
900 2518 1095 2583 sententium
1114 2540 1180 2584 nou
1202 2518 1307 2585 solum
1331 2543 1398 2587 non
1423 2543 1485 2587 re-

281 2623 410 2704 fellere,
439 2620 498 2688 sed
522 2620 678 2691 adiuvere
700 2626 796 2692 etiem
817 2627 858 2692 iis
877 2627 1017 2693 videtur.
1072 2628 1184 2712 Quare
1213 2651 1286 2695 oum
1309 2653 1411 2696 uuum
1435 2633 1485 2696 sit

282 2752 417 2797 oermen
439 2729 500 2813 IV,
523 2729 552 2812 8,
585 2731 672 2816 quod
694 2733 769 2798 huie
793 2732 910 2798 rationi
931 2732 1133 2815 adversetur,
1165 2742 1221 2799 sut
1239 2735 1482 2825 interpolatum

282 2839 365 2906 illud
394 2860 467 2905 esse
489 2847 602 2925 putent
630 2850 686 2906 sut
713 2841 905 2910 mutilatum.
962 2841 1031 2910 ssd
1060 2865 1169 2908 nonne
1187 2843 1346 2912 Horatius
1378 2869 1483 2934 quem

283 2949 344 3016 sibi
367 2947 440 3036 ipse
460 2946 669 3034 imposuisset
690 2945 801 3033 legem
820 2959 896 3035 post
928 2958 977 3013 tot
1002 2971 1107 3032 anuos
1137 2945 1323 3036 relinquere
1345 2950 1484 3038 potuit?

280 3057 503 3124 Difficultstss
527 3067 627 3140 oerts,
658 3055 776 3146 quibus
805 3057 888 3123 illud
919 3079 1050 3123 carmen
1082 3057 1220 3142 laboret,
1253 3058 1316 3123 ists
1349 3059 1483 3126 rstione

281 3189 351 3236 uon
369 3165 546 3254 pelluntur.
584 3166 636 3231 De
656 3175 725 3233 tots
747 3176 855 3232 sutem
877 3188 913 3233 re
937 3189 1090 3256 eompsrs
1110 3188 1195 3253 queo
1217 3167 1251 3231 in
1274 3167 1484 3255 praefatione

282 3275 323 3340 sd
345 3273 525 3340 editionem
546 3275 682 3341 alterum
704 3275 800 3341 huius
822 3276 900 3342 libri
923 3273 1087 3364 disputate
1108 3284 1193 3341 sunt.
1223 3282 1228 3295 ‘
