3125 5225
304 182 422 320 aas

767 216 1038 287 SATIRARUII

355 405 562 481 Contentus
588 406 702 500 vivat,
729 403 862 479 laudet
887 405 1038 481 diversa
1063 410 1287 505 sequentes?

355 528 602 603 O‘fortunati
626 528 873 604 mercatores!
901 528 1028 626 gravis
1055 529 1163 604 annis

301 708 367 763 XXI
383 709 505 763 minores
523 708 620 776 libros,
643 708 828 778 posteriorem
844 709 874 763 in

301 780 349 834 IX.
380 780 462 835 Hunc
479 780 605 834 imitatus
622 785 665 833 est
682 784 713 833 et
730 780 874 849 superavit

302 856 441 916 Horatius,
476 868 555 921 quem
573 852 608 905 de
625 847 734 905 Lucilio
750 850 874 905 iudican·

301 927 358 977 tem
378 922 505 976 audimus
523 922 580 976 Sat.
599 924 620 985 Ι,
634 926 660 977 4.
693 922 770 988 1,1o.
798 922 872 985 11‚1.

301 993 370 1049 Post
395 993 543 1047 Horatium
568 993 730 1048 nominandi
755 997 871 1063 suntsi.

301 1070 411 1135 qusisse
434 1068 548 1119 Flaccus
577 1067 607 1118 et
630 1068 757 1119 Decimus
778 1068 872 1118 Ιιιιιίιιι

303 1140 448 1190 quenalis.
496 1134 536 1188 Ht
562 1134 612 1189 ille
638 1134 748 1204 quidem
778 1136 872 1195 inatus

300 1206 372 1277 prid.
403 1206 475 1260 Non.
507 1206 574 1260 Dec.
603 1207 670 1261 anni
697 1224 725 1275 p.
746 1205 811 1261 Chr.
828 1209 875 1261 342

300 1278 464 1341 Volaterris,
481 1282 607 1332 mortuus
624 1295 648 1331 a.
667 1276 695 1330 d.
713 1276 784 1332 VIII.
812 1277 872 1331 Kal.

301 1348 367 1403 Dec.
379 1367 403 1403 a.
415 1348 461 1419 62)
480 1350 618 1403 acerrimo
635 1348 748 1403 virtutis
767 1366 871 1414 amore,

300 1420 435 1474 vitiorum
461 1420 526 1473 odio
551 1420 689 1483 incensus,
715 1420 871 1474 Stoicorum

301 1492 422 1546 austeris
456 1491 592 1545 doctrinis
622 1490 812 1545 deditissimus
843 1496 873 1545 et

300 1578 402 1633 magna
420 1563 539 1630 quadam
557 1562 641 1615 animi
658 1563 776 1616 tristitia
786 1578 873 1632 paene

300 1650 450 1702 oppressus
485 1633 605 1687 Neronis
644 1636 774 1715 tempora
816 1651 873 1687 non

298 1720 396 1830 aas
422 1722 873 1829 1.

299 1851 379 1915 ptam
396 1850 516 1901 aetatem
533 1850 632 1915 postea
648 1846 723 1899 tulit.
769 1846 873 1901 Verum

298 1920 332 1969 ut
349 1915 439 1972 Persii
456 1918 632 1971 nobilitatem
650 1917 736 1970 animi
759 1935 807 1972 sex
830 1935 872 1971 sa·

300 1988 362 2041 tiris
381 2004 452 2058 quae
470 1989 507 2043 ad
524 2006 573 2042 nos
591 1993 781 2058 pervenerunt
799 2005 872 2042 corn-

298 2060 447 2128 probatam
474 2059 616 2130 diligimus
642 2063 671 2113 et
694 2059 872 2122 admiramur,

298 2130 341 2184 its
357 2130 497 2185 Iuvenalis
515 2130 635 2184 sedecim
655 2131 757 2185 satirae
774 2130 871 2200 ingen-

298 2207 356 2255 tem
374 2203 459 2255 animi
477 2202 671 2266 acerbitatem,
688 2202 790 2256 aetatis
806 2218 872 2257 suae

298 2273 424 2327 moribus
456 2273 532 2327 omni
565 2272 635 2326 vitio
676 2272 871 2328 contaminatis

297 2337 666 2469 ttttttaltlltt
679 2360 766 2483 {til
785 2346 871 2469 tlt·

298 2484 361 2558 dqrn
390 2484 420 2539 in
450 2433 641 2540 dhscriberidis
667 2433 871 2557 pingendisque

298 2556 420 2612 cuiusvis
438 2556 549 2628 generis
565 2556 737 2626 turpissimis
754 2557 871 2628 flagitiis

298 2627 512 2683 delectationem
545 2628 678 2698 produnt.
731 2629 870 2684 luvenalis

297 2699 356 2754 vita
370 2718 444 2754 nunc
462 2699 583 2770 caligine
596 2699 714 2767 quadam
723 2701 870 2770 premitur,

298 2771 347 2823 sed
374 2771 530 2842 suspicatus
556 2772 600 2824 est
618 2774 804 2836 Heinricts‘us,
835 2771 870 2826 de

297 2841 517 2912 interpretandis
537 2841 673 2895 luvenalis
700 2841 795 2895 satIris
823 2859 871 2911 op·

296 2913 365 2966 time
384 2914 509 2978 meritus,
538 2912 642 2966 vixisse
666 2929 728 2965 eum
753 2913 819 2967 inde
836 2915 871 2968 ab

297 3001 322 3038 a.
340 2987 375 3037 42
394 3003 421 3054 p.
444 2985 508 3038 Chr.
535 2999 622 3052 usque
653 2985 688 3037 sd
714 3001 739 3037 a.
761 2989 818 3037 122.
837 3013 871 3024 -

297 3053 357 3108 Iam
374 3062 406 3109 ut
429 3055 465 3109 ad
482 3053 629 3108 Horatium
652 3059 787 3119 revertar,
815 3055 872 3109 fue-

297 3129 364 3180 runt
382 3127 430 3195 qui
447 3128 539 3196 lpsum
556 3131 669 3196 poetam
688 3131 821 3195 quattuor
840 3127 871 3180 li-

296 3196 363 3250 bros
382 3197 530 3250 satirarum
554 3200 583 3250 et
611 3195 790 3265 epistolarum
817 3215 871 3251 uno

297 3268 409 3322 nomine
444 3282 594 3323 sermonum
628 3268 872 3336 comprehendisse

297 3337 399 3410 (Epist.
408 3338 430 3402 I,
440 3342 466 3404 4,
479 3343 502 3392 l.
539 3338 609 3404 11‚2,
621 3340 666 3405 60)
685 3337 870 3407 affirmarent3

298 3411 398 3478 quibus
429 3409 581 3464 cavendum
609 3414 652 3463 est
678 3427 712 3463 ne
737 3412 797 3478 quis
824 3411 872 3465 ob·

299 3483 446 3550 temperet.
473 3479 654 3534 Manifestum
674 3485 718 3534 est
736 3483 818 3546 enim,
838 3499 871 3536 eo

297 3551 360 3620 ipso
380 3554 490 3606 nomine
517 3552 698 3621 (sermonum)
723 3551 871 3606 Horatium

297 3625 326 3675 et
354 3624 454 3677 satiras
483 3626 513 3676 et
537 3621 670 3706 epistolas
695 3626 728 3675 ut
753 3631 872 3678 seratum*

297 3693 316 3746 i.
335 3710 358 3747 e.
377 3710 477 3764 prosae
495 3695 616 3748 orationi
632 3693 778 3764 propiores
803 3695 872 3819 {Sat

296 3759 319 3832 1,
334 3768 361 3830 4,
382 3765 428 3835 42)
457 3772 556 3819 contra
582 3764 666 3820 altius
694 3783 780 3834 genus
816 3765 871 3835 yri-

299 3850 396 3890 corum
413 3837 565 3890 carminum
587 3835 776 3901 collocavisse,
803 3855 871 3891 nun-

296 3923 379 3976 quam
397 3912 429 3962 ut
447 3907 563 3979 proprio
581 3906 700 3978 quodam
718 3907 803 3962 titulo
829 3909 870 3964 in-

297 3978 449 4051 scripsisse.

504 4091 626 4146 Satira
642 4091 663 4146 1.

330 4185 487 4251 Horatium,
512 4187 560 4256 qui
585 4187 641 4240 iam
658 4201 730 4258 puer
746 4191 869 4242 contem-

294 4257 405 4328 plandis
431 4257 517 4312 variis
542 4256 687 4312 homiuum
706 4258 807 4312 studiis
827 4277 869 4314 as-

295 4335 392 4384 suetus
424 4333 494 4394 erat,
530 4329 742 4399 haudquaquam
771 4331 869 4400 fugere

295 4402 390 4470 potuit
408 4402 562 4454 communis
585 4401 708 4454 omnium
727 4401 869 4455 hominurn

296 4471 475 4542 omniumque
493 4474 618 4525 aetatum
636 4471 671 4526 de
691 4489 757 4526 suae
783 4475 868 4527 sortis

294 4539 444 4610 iniquitate
458 4542 579 4614 querela
598 4543 677 4598 Hanc
688 4544 776 4615 igitur
785 4550 869 4615 poete

924 708 984 763 risu
1002 713 1032 764 et
1044 710 1227 781 castigatione
1236 709 1420 765 abundantem
1430 727 1486 781 par·
1548 778 1549 787 ἵ

924 780 975 835 tim
1004 782 1098 837 iocosa
1129 783 1234 851 partim
1261 798 1358 837 severa
1385 784 1486 837 ratium

923 850 1104 920 reprehendit
1128 850 1241 923 eiusque
1257 855 1394 923 originem
1411 870 1488 922 quae·
1548 864 1549 873 ¹

923 922 1036 976 rendam
1054 940 1115 979 esse
1138 924 1220 979 docet
1243 924 1273 977 in
1300 922 1414 987 invidia,
1439 942 1488 993 qua

923 1008 987 1047 eum
1013 994 1129 1065 singulis
1155 996 1310 1065 quibusque
1337 995 1487 1051 hominibus

922 1069 1032 1118 certum
1060 1064 1198 1134 quendam
1222 1064 1314 1120 locum
1332 1072 1489 1135 certumque
1548 1074 1549 1079 ’

923 1133 1044 1189 officium
1069 1140 1170 1191 natura
1193 1141 1221 1191 et
1238 1138 1401 1192 condicione
1415 1138 1489 1191 attri-

922 1207 991 1261 buta
1010 1208 1038 1261 in
1057 1207 1145 1277 iisque
1163 1215 1241 1262 recte
1259 1214 1289 1262 et
1306 1208 1429 1263 fideliter
1446 1226 1489 1263 ex-

922 1277 1032 1346 plendis
1059 1296 1193 1333 summam
1219 1279 1331 1334 laudem
1356 1296 1490 1349 unamque

922 1348 1085 1403 felicitatem
1108 1350 1275 1405 cernendam
1301 1366 1362 1405 esse
1389 1354 1490 1406 nescia-

922 1436 992 1480 mus,
1025 1426 1123 1489 nostra¹
1148 1421 1284 1475 soleamus
1305 1426 1490 1488 contemnere,

922 1490 1013 1545 aliena
1033 1497 1066 1545 ut
1080 1492 1420 1561 praestantioralaudare.
1436 1492 1491 1547 Iam

922 1578 985 1615 cum
1012 1563 1156 1617 satiricum
1187 1580 1274 1634 genna
1310 1563 1490 1619 dramaticum

923 1636 1006 1695 esset,
1037 1633 1142 1689 factum
1172 1638 1216 1689 est
1244 1640 1276 1689 ut
1303 1634 1438 1689 Horatius
1467 1640 1493 1689 et

921 1702 1113 1760 adversarium
1125 1705 1246 1775 aliquem
1258 1720 1340 1775 saepe
1354 1709 1492 1761 statueret
1548 1760 1549 1763 ,

922 1778 951 1827 et
981 1774 1078 1844 vigore
1108 1793 1174 1830 suae
1206 1776 1340 1831 orationis
1373 1794 1409 1832 ex
1437 1777 1493 1831 vita
1548 1778 1549 1843 Ῑ

922 1850 1047 1915 sumptas
1073 1848 1183 1903 tabulas
1215 1846 1370 1916 legentium
1404 1850 1493 1905 oeulis

921 1923 1102 1985 proponeret.
1124 1918 1206 1973 Cuius
1221 1917 1338 1987 quidem
1355 1919 1400 1973 rei
1417 1936 1493 1989 egre-

922 1990 999 2057 gium
1017 1990 1173 2059 exemplum
1184 1988 1294 2043 initium
1306 1989 1404 2043 statim
1416 2006 1492 2061 pree

922 2058 972 2111 bet
991 2057 1073 2112 huius
1091 2061 1201 2127 satirae,
1217 2076 1271 2129 quo
1283 2061 1343 2115 loco
1362 2061 1408 2115 bis
1421 2076 1494 2115 corn·

921 2128 1013 2198 posita
1032 2130 1118 2186 habes
1134 2136 1201 2187 sota
1216 2131 1320 2185 veteris
1338 2132 1439 2186 militis
1468 2136 1495 2186 et

921 2202 1093 2267 mercatoris,
1128 2204 1197 2257 iuris
1233 2204 1355 2257 consulti
1381 2204 1496 2257 urbanis

920 2272 1044 2341 negotiis
1072 2272 1200 2344 occupati
1227 2277 1257 2327 et
1283 2272 1426 2343 agricolae
1452 2292 1496 2329 ur·
1548 2336 1549 2341 ἵ

920 2343 1020 2396 basam
1039 2345 1125 2398 vitam
1142 2361 1207 2399 suae
1224 2344 1419 2415 praeferentis.
1438 2344 1495 2397 lam
1548 2392 1549 2395 ,

921 2430 985 2467 cum
1012 2416 1166 2482 quaeritur,
1196 2414 1271 2469 unde
1297 2414 1346 2470 fiat
1376 2420 1410 2470 ut
1436 2422 1494 2469 tam
1548 2410 1549 2423 ¹

920 2484 1002 2537 multi
1028 2486 1154 2541 homines
1182 2502 1231 2541 sua
1255 2490 1331 2540 sorte
1354 2504 1413 2542 non
1439 2486 1497 2540 sint
1548 2518 1549 2539 1

920 2557 1055 2622 contenti,
1077 2556 1303 2628 respondendum
1319 2558 1375 2614 erit
1394 2558 1496 2612 nimias
1548 2596 1549 2603 .

921 2643 981 2680 esse
1008 2627 1150 2683 bominum
1184 2628 1363 2698 cupiditates,
1395 2631 1498 2700 quibus

920 2698 1003 2768 plura
1026 2700 1109 2753 etism
1135 2707 1302 2770 expetantur
1324 2717 1411 2770 quam
1437 2701 1498 2770 qui·
1548 2709 1549 2716 ’

921 2769 974 2823 bus
1001 2769 1037 2823 sd
1064 2771 1135 2826 bene
1162 2771 1312 2826 vivendum
1341 2787 1415 2842 opus
1446 2771 1499 2840 sit3
1548 2779 1549 2786 ’

920 2855 1011 2908 neque
1037 2843 1125 2896 minui
1153 2859 1199 2896 eas
1226 2846 1333 2897 mutata
1360 2848 1442 2898 sorte
1468 2860 1500 2896 so

921 2927 1015 2964 rerum
1045 2918 1138 2983 statu3
1170 2914 1373 2984 cupiditatibus
1404 2919 1501 2968 autem

922 2997 1002 3037 curas
1020 2985 1107 3048 nasci,
1137 2985 1211 3038 curis
1236 2984 1409 3040 desiderium
1438 2985 1503 3040 alie·

922 3069 974 3106 nae
994 3055 1086 3108 sortis.
1126 3055 1164 3109 At
1182 3057 1287 3110 habent
1304 3057 1392 3110 etiam
1412 3057 1502 3111 homi·

921 3139 971 3178 nes
995 3139 1050 3192 quo
1079 3141 1143 3180 suas
1167 3145 1249 3181 curas
1272 3126 1502 3201 cupiditatesque

922 3201 1069 3250 excusatae
1105 3202 1189 3265 atque
1226 3199 1360 3267 probatas
1401 3199 1503 3252 velint.

922 3266 1036 3321 Scilicet
1053 3271 1079 3334 a)
1105 3269 1154 3322 alii
1171 3269 1200 3322 id
1218 3274 1327 3324 tantum
1347 3285 1377 3322 se
1399 3285 1503 3323 curare

922 3338 1002 3391 aiunt
1025 3343 1057 3391 nt
1085 3343 1257 3396 senectutem
1286 3339 1340 3394 sibi
1368 3355 1504 3394 secumm

922 3412 952 3461 et
969 3409 1105 3532 placidam
1131 3415 1232 3480 parent
1257 3412 1293 3478 (v.
1304 3411 1363 3479 31),
1393 3412 1505 3465 imitari

922 3495 951 3533 se
982 3481 1101 3534 ormicae
1120 3477 1278 3552 exemplum
1296 3497 1368 3551 quac
1388 3485 1504 3536 aestate

922 3550 1037 3621 colligat
1054 3551 1155 3620 quibus
1176 3553 1265 3607 hieme
1283 3552 1368 3606 vitam
1388 3557 1506 3609 annen-

922 3625 971 3675 tet.
1013 3621 1072 3676 Nae
1088 3623 1137 3677 isti
1154 3624 1183 3676 ln
1200 3623 1366 3694 colligendis
1385 3623 1506 3694 quidem

922 3693 1020 3761 opibus
1050 3693 1183 3749 formicae
1213 3695 1317 3749 similes
1353 3702 1435 3760 sunt,
1474 3697 1507 3749 in

919 3761 1047 3817 fruendis
1067 3764 1252 3831 dissimilhmr,
1272 3783 1335 3820 cum
1352 3783 1507 3837 nunquam
1548 3771 1549 3774 ’

920 3835 1061 3904 congestis
1092 3836 1230 3907 fruantur,
1267 3853 1365 3892 aarum
1405 3843 1507 3893 autem

920 3905 1090 3975 ipsum'sine
1108 3908 1233 3977 sapiente
1250 3926 1302 3962 usu
1325 3907 1438 3964 nullius
1468 3911 1508 3964 sit

920 3977 1014 4046 pretii.
1050 3977 1084 4032 cf.
1103 3977 1193 4033 Carm.
1205 3979 1269 4043 11,2
1285 3981 1323 4046 (r.
1335 3981 1391 4050 50).
1445 3981 1509 4038 Iam

921 4052 986 4102 suut
1001 4049 1032 4117 b)
1057 4049 1113 4117 alii,
1141 4051 1241 4120 quibus
1269 4067 1353 4106 suase
1384 4051 1509 4108 videtur

920 4117 956 4173 de
974 4137 1076 4189 magno
1094 4137 1204 4176 sumere
1215 4137 1298 4192 posse
1312 4139 1429 4179 acervo.
1450 4123 1511 4194 Qui
1548 4165 1549 4178 .

920 4189 1032 4260 quidem
1048 4207 1106 4246 non
1116 4193 1208 4246 minus
1220 4194 1300 4248 stulti
1309 4197 1377 4248 suut
1393 4201 1437 4262 [v.
1447 4201 1510 4266 60).

919 4261 989 4315 Tum
1010 4269 1077 4316 sunt
1096 4271 1122 4332 o)
1147 4265 1299 4332 quisnam
1323 4266 1436 4336 agendi
1464 4285 1511 4322 rs·

919 4333 1026 4386 tionem
1052 4335 1211 4392 excusatori
1236 4335 1306 4390 nihil
1336 4337 1412 4392 satis
1444 4358 1512 4396 esse

922 4403 1068 4468 effinnem,
1087 4405 1217 4474 quoniam
1229 4423 1292 4461 cum
1309 4409 1401 4464 rebus
1417 4413 1513 4467 etism

919 4475 1041 4546 dignitas
1061 4481 1090 4530 et
1106 4478 1259 4532 auctoritas
1277 4483 1401 4536 crescat.
1439 4483 1513 4551 Qui-

919 4547 970 4601 bus
997 4547 1038 4602 ita
1066 4563 1231 4619 persuasum
1257 4553 1308 4618 est,
1340 4551 1361 4604 ii
1402 4555 1516 4614 miseri
