<?xml version="1.0" encoding="UTF-8"?>
<!DOCTYPE html PUBLIC "-//W3C//DTD XHTML 1.0 Transitional//EN"
    "http://www.w3.org/TR/xhtml1/DTD/xhtml1-transitional.dtd">
<html xmlns="http://www.w3.org/1999/xhtml" xml:lang="en" lang="en">
 <head>
  <title>
</title>
<meta http-equiv="Content-Type" content="text/html;charset=utf-8" />
  <meta name='ocr-system' content='tesseract 3.04.00' />
  <meta name='ocr-capabilities' content='ocr_page ocr_carea ocr_par ocr_line ocrx_word'/>
</head>
<body>
  <div class='ocr_page' id='page_1' title='image "./qhoratiiflaccio01dillgoog/qhoratiiflaccio01dillgoog_0498.png"; bbox 0 0 3125 5225; ppageno 0'>
   <div class='ocr_carea' id='block_1_1' title="bbox 217 238 1043 335">
    <p class='ocr_par' dir='ltr' id='par_1_1' title="bbox 217 238 1043 335">
     <span class='ocr_line' id='line_1_1' title="bbox 217 238 1043 335; baseline 0.001 -3"><span class='ocrx_word' id='word_1_1' title='bbox 217 285 220 293; x_wconf 75' lang='lat'><em>,</em></span> <span class='ocrx_word' id='word_1_2' title='bbox 309 266 370 332; x_wconf 79' lang='lat' dir='ltr'>sco</span> <span class='ocrx_word' id='word_1_3' title='bbox 463 309 465 312; x_wconf 86' lang='grc'>-</span> <span class='ocrx_word' id='word_1_4' title='bbox 519 238 526 249; x_wconf 83' lang='grc'><em>’</em></span> <span class='ocrx_word' id='word_1_5' title='bbox 768 262 1043 335; x_wconf 79' lang='lat' dir='ltr'>snrrusuuu</span> 
     </span>
    </p>
   </div>
   <div class='ocr_carea' id='block_1_2' title="bbox 239 450 1548 2420">
    <p class='ocr_par' dir='ltr' id='par_1_2' title="bbox 356 450 1548 677">
     <span class='ocr_line' id='line_1_2' title="bbox 359 450 1548 553; baseline 0.005 -28"><span class='ocrx_word' id='word_1_6' title='bbox 359 451 585 551; x_wconf 80' lang='lat' dir='ltr'>Quingentis</span> <span class='ocrx_word' id='word_1_7' title='bbox 609 464 738 551; x_wconf 88' lang='lat' dir='ltr'>empto</span> <span class='ocrx_word' id='word_1_8' title='bbox 765 452 955 529; x_wconf 77' lang='lat' dir='ltr'><strong>drachmis</strong></span> <span class='ocrx_word' id='word_1_9' title='bbox 982 450 1259 551; x_wconf 80' lang='lat' dir='ltr'>deprenderis?</span> <span class='ocrx_word' id='word_1_10' title='bbox 1312 452 1436 531; x_wconf 82' lang='lat' dir='ltr'>Aufer</span> <span class='ocrx_word' id='word_1_11' title='bbox 1547 550 1548 553; x_wconf 4' lang='grc' dir='ltr'><strong>Ἴ</strong></span> 
     </span>
     <span class='ocr_line' id='line_1_3' title="bbox 356 574 1548 677; baseline 0.002 -26"><span class='ocrx_word' id='word_1_12' title='bbox 356 577 420 651; x_wconf 90' lang='lat' dir='ltr'>Me</span> <span class='ocrx_word' id='word_1_13' title='bbox 444 574 552 649; x_wconf 82' lang='lat' dir='ltr'>vultu</span> <span class='ocrx_word' id='word_1_14' title='bbox 575 578 738 651; x_wconf 72' lang='lat' dir='ltr'>terrere:</span> <span class='ocrx_word' id='word_1_15' title='bbox 765 600 922 651; x_wconf 85' lang='lat' dir='ltr'>monum</span> <span class='ocrx_word' id='word_1_16' title='bbox 946 576 1260 677; x_wconf 72' lang='lat' dir='ltr'><strong>stomachumque</strong></span> <span class='ocrx_word' id='word_1_17' title='bbox 1284 588 1423 674; x_wconf 85' lang='lat' dir='ltr'>teneto,</span> <span class='ocrx_word' id='word_1_18' title='bbox 1547 574 1548 587; x_wconf 72' lang='grc'>’</span> 
     </span>
    </p>

    <p class='ocr_par' dir='ltr' id='par_1_3' title="bbox 306 700 1298 799">
     <span class='ocr_line' id='line_1_4' title="bbox 306 700 1298 799; baseline 0.007 -29"><span class='ocrx_word' id='word_1_19' title='bbox 306 729 330 770; x_wconf 80' lang='lat' dir='ltr'>o</span> <span class='ocrx_word' id='word_1_20' title='bbox 356 701 458 774; x_wconf 90' lang='lat' dir='ltr'>Dum</span> <span class='ocrx_word' id='word_1_21' title='bbox 486 724 585 799; x_wconf 85' lang='lat' dir='ltr'>quae</span> <span class='ocrx_word' id='word_1_22' title='bbox 611 700 782 799; x_wconf 83' lang='lat' dir='ltr'>Crispini</span> <span class='ocrx_word' id='word_1_23' title='bbox 809 700 939 775; x_wconf 89' lang='lat' dir='ltr'>docuit</span> <span class='ocrx_word' id='word_1_24' title='bbox 963 723 1026 776; x_wconf 90' lang='lat' dir='ltr'>me</span> <span class='ocrx_word' id='word_1_25' title='bbox 1051 700 1191 777; x_wconf 83' lang='lat' dir='ltr'>ianitor</span> <span class='ocrx_word' id='word_1_26' title='bbox 1211 702 1298 778; x_wconf 92' lang='lat' dir='ltr'>edo.</span> 
     </span>
    </p>

    <p class='ocr_par' dir='ltr' id='par_1_4' title="bbox 322 802 1480 1048">
     <span class='ocr_line' id='line_1_5' title="bbox 322 802 1319 921; baseline 0.002 -22"><span class='ocrx_word' id='word_1_27' title='bbox 322 802 326 812; x_wconf 45' lang='grc'><em>’</em></span> <span class='ocrx_word' id='word_1_28' title='bbox 354 824 410 900; x_wconf 85' lang='lat' dir='ltr'>Te</span> <span class='ocrx_word' id='word_1_29' title='bbox 432 826 571 901; x_wconf 86' lang='lat' dir='ltr'>coniux</span> <span class='ocrx_word' id='word_1_30' title='bbox 596 825 721 901; x_wconf 84' lang='lat' dir='ltr'>aliona</span> <span class='ocrx_word' id='word_1_31' title='bbox 745 824 858 921; x_wconf 84' lang='lat' dir='ltr'>capit,</span> <span class='ocrx_word' id='word_1_32' title='bbox 886 824 1128 901; x_wconf 86' lang='lat' dir='ltr'>meretricula</span> <span class='ocrx_word' id='word_1_33' title='bbox 1152 827 1319 903; x_wconf 79' lang='lat' dir='ltr'>Davum:</span> 
     </span>
     <span class='ocr_line' id='line_1_6' title="bbox 354 948 1480 1048; baseline 0.003 -25"><span class='ocrx_word' id='word_1_34' title='bbox 354 948 492 1023; x_wconf 86' lang='lat' dir='ltr'>Peccat</span> <span class='ocrx_word' id='word_1_35' title='bbox 516 962 603 1025; x_wconf 91' lang='lat' dir='ltr'>uter</span> <span class='ocrx_word' id='word_1_36' title='bbox 623 962 795 1024; x_wconf 87' lang='lat' dir='ltr'>nostrum</span> <span class='ocrx_word' id='word_1_37' title='bbox 822 974 936 1025; x_wconf 90' lang='lat' dir='ltr'>cruce</span> <span class='ocrx_word' id='word_1_38' title='bbox 964 948 1146 1048; x_wconf 82' lang='lat' dir='ltr'>dignius?</span> <span class='ocrx_word' id='word_1_39' title='bbox 1196 949 1308 1026; x_wconf 83' lang='lat' dir='ltr'>Acris</span> <span class='ocrx_word' id='word_1_40' title='bbox 1332 952 1398 1028; x_wconf 92' lang='lat' dir='ltr'>ubi</span> <span class='ocrx_word' id='word_1_41' title='bbox 1425 978 1480 1027; x_wconf 89' lang='lat' dir='ltr'>me</span> 
     </span>
    </p>

    <p class='ocr_par' dir='ltr' id='par_1_5' title="bbox 239 1072 1379 1299">
     <span class='ocr_line' id='line_1_7' title="bbox 239 1072 1240 1169; baseline 0.001 -21"><span class='ocrx_word' id='word_1_42' title='bbox 239 1084 244 1093; x_wconf 83' lang='lat'><em>&#39;</em></span> <span class='ocrx_word' id='word_1_43' title='bbox 356 1073 502 1148; x_wconf 83' lang='lat' dir='ltr'>Nature</span> <span class='ocrx_word' id='word_1_44' title='bbox 524 1074 698 1169; x_wconf 84' lang='lat' dir='ltr'>intendit,</span> <span class='ocrx_word' id='word_1_45' title='bbox 727 1074 798 1151; x_wconf 88' lang='lat' dir='ltr'>sub</span> <span class='ocrx_word' id='word_1_46' title='bbox 825 1073 928 1148; x_wconf 80' lang='lat' dir='ltr'>clara</span> <span class='ocrx_word' id='word_1_47' title='bbox 954 1072 1058 1149; x_wconf 84' lang='lat' dir='ltr'>nuda</span> <span class='ocrx_word' id='word_1_48' title='bbox 1083 1073 1240 1149; x_wconf 90' lang='lat' dir='ltr'>lucerna</span> 
     </span>
     <span class='ocr_line' id='line_1_8' title="bbox 356 1198 1379 1299; baseline 0.004 -28"><span class='ocrx_word' id='word_1_49' title='bbox 356 1198 618 1299; x_wconf 81' lang='lat' dir='ltr'><strong>Quaecunque</strong></span> <span class='ocrx_word' id='word_1_50' title='bbox 644 1200 792 1298; x_wconf 83' lang='lat' dir='ltr'>excepit</span> <span class='ocrx_word' id='word_1_51' title='bbox 817 1198 1004 1296; x_wconf 84' lang='lat' dir='ltr'>turgentis</span> <span class='ocrx_word' id='word_1_52' title='bbox 1031 1200 1193 1277; x_wconf 84' lang='lat' dir='ltr'>verbere</span> <span class='ocrx_word' id='word_1_53' title='bbox 1222 1200 1379 1297; x_wconf 80' lang='lat' dir='ltr'>caudae,</span> 
     </span>
    </p>

    <p class='ocr_par' dir='ltr' id='par_1_6' title="bbox 304 1320 1369 1919">
     <span class='ocr_line' id='line_1_9' title="bbox 304 1320 1369 1421; baseline 0 -21"><span class='ocrx_word' id='word_1_54' title='bbox 304 1354 329 1415; x_wconf 75' lang='lat' dir='ltr'>so</span> <span class='ocrx_word' id='word_1_55' title='bbox 357 1321 542 1400; x_wconf 87' lang='lat' dir='ltr'>Cluuibus</span> <span class='ocrx_word' id='word_1_56' title='bbox 567 1336 633 1398; x_wconf 84' lang='lat' dir='ltr'>aut</span> <span class='ocrx_word' id='word_1_57' title='bbox 657 1322 815 1421; x_wconf 81' lang='lat' dir='ltr'>agitavit</span> <span class='ocrx_word' id='word_1_58' title='bbox 840 1320 1151 1421; x_wconf 83' lang='lat' dir='ltr'>equumlasoiva</span> <span class='ocrx_word' id='word_1_59' title='bbox 1177 1325 1369 1421; x_wconf 85' lang='lat' dir='ltr'>supinum,</span> 
     </span>
     <span class='ocr_line' id='line_1_10' title="bbox 353 1446 1361 1561; baseline 0.005 -41"><span class='ocrx_word' id='word_1_60' title='bbox 353 1446 518 1521; x_wconf 79' lang='lat' dir='ltr'>Dimittit</span> <span class='ocrx_word' id='word_1_61' title='bbox 542 1472 668 1547; x_wconf 89' lang='lat' dir='ltr'>neque</span> <span class='ocrx_word' id='word_1_62' title='bbox 694 1447 886 1523; x_wconf 80' lang='lat' dir='ltr'>famosum</span> <span class='ocrx_word' id='word_1_63' title='bbox 900 1472 1039 1561; x_wconf 68' lang='lat' dir='ltr'>pieque</span> <span class='ocrx_word' id='word_1_64' title='bbox 1065 1446 1281 1545; x_wconf 88' lang='lat' dir='ltr'>sollicitum,</span> <span class='ocrx_word' id='word_1_65' title='bbox 1308 1475 1361 1525; x_wconf 89' lang='lat' dir='ltr'>ne</span> 
     </span>
     <span class='ocr_line' id='line_1_11' title="bbox 353 1571 1250 1652; baseline 0.002 -7"><span class='ocrx_word' id='word_1_66' title='bbox 353 1572 477 1646; x_wconf 87' lang='lat' dir='ltr'>Ditior</span> <span class='ocrx_word' id='word_1_67' title='bbox 500 1584 565 1647; x_wconf 84' lang='lat' dir='ltr'>sut</span> <span class='ocrx_word' id='word_1_68' title='bbox 592 1572 740 1647; x_wconf 84' lang='lat' dir='ltr'>formae</span> <span class='ocrx_word' id='word_1_69' title='bbox 762 1571 932 1647; x_wconf 89' lang='lat' dir='ltr'>melioris</span> <span class='ocrx_word' id='word_1_70' title='bbox 960 1572 1075 1647; x_wconf 84' lang='lat' dir='ltr'>meiat</span> <span class='ocrx_word' id='word_1_71' title='bbox 1092 1572 1250 1652; x_wconf 87' lang='lat' dir='ltr'>eodem.</span> 
     </span>
     <span class='ocr_line' id='line_1_12' title="bbox 354 1695 1321 1795; baseline 0.001 -25"><span class='ocrx_word' id='word_1_72' title='bbox 354 1695 413 1770; x_wconf 85' lang='lat' dir='ltr'>Tu</span> <span class='ocrx_word' id='word_1_73' title='bbox 439 1721 527 1769; x_wconf 90' lang='lat' dir='ltr'>cum</span> <span class='ocrx_word' id='word_1_74' title='bbox 552 1696 730 1791; x_wconf 88' lang='lat' dir='ltr'>proiectis</span> <span class='ocrx_word' id='word_1_75' title='bbox 756 1696 983 1795; x_wconf 83' lang='lat' dir='ltr'>insignibus,</span> <span class='ocrx_word' id='word_1_76' title='bbox 1013 1696 1129 1773; x_wconf 80' lang='lat' dir='ltr'>anulo</span> <span class='ocrx_word' id='word_1_77' title='bbox 1154 1696 1321 1795; x_wconf 77' lang='lat' dir='ltr'>equestri</span> 
     </span>
     <span class='ocr_line' id='line_1_13' title="bbox 354 1820 1307 1919; baseline 0.003 -25"><span class='ocrx_word' id='word_1_78' title='bbox 354 1821 605 1919; x_wconf 85' lang='lat' dir='ltr'>Romanoque</span> <span class='ocrx_word' id='word_1_79' title='bbox 631 1820 779 1915; x_wconf 82' lang='lat' dir='ltr'>habitu,</span> <span class='ocrx_word' id='word_1_80' title='bbox 803 1820 936 1919; x_wconf 91' lang='lat' dir='ltr'>prodis</span> <span class='ocrx_word' id='word_1_81' title='bbox 964 1846 1008 1897; x_wconf 83' lang='lat' dir='ltr'>cr</span> <span class='ocrx_word' id='word_1_82' title='bbox 1033 1821 1160 1897; x_wconf 86' lang='lat' dir='ltr'>iudice</span> <span class='ocrx_word' id='word_1_83' title='bbox 1184 1822 1307 1897; x_wconf 82' lang='lat' dir='ltr'>Dama</span> 
     </span>
    </p>

    <p class='ocr_par' dir='ltr' id='par_1_7' title="bbox 306 1942 1548 2420">
     <span class='ocr_line' id='line_1_14' title="bbox 306 1942 1330 2042; baseline 0.006 -27"><span class='ocrx_word' id='word_1_84' title='bbox 306 1974 332 2015; x_wconf 71' lang='lat' dir='ltr'>ss</span> <span class='ocrx_word' id='word_1_85' title='bbox 355 1944 509 2042; x_wconf 84' lang='lat' dir='ltr'>Turpis,</span> <span class='ocrx_word' id='word_1_86' title='bbox 537 1942 739 2019; x_wconf 82' lang='lat' dir='ltr'>odoratum</span> <span class='ocrx_word' id='word_1_87' title='bbox 767 1957 882 2042; x_wconf 90' lang='lat' dir='ltr'>caput</span> <span class='ocrx_word' id='word_1_88' title='bbox 909 1946 1138 2021; x_wconf 78' lang='lat' dir='ltr'>obscurante</span> <span class='ocrx_word' id='word_1_89' title='bbox 1163 1944 1330 2041; x_wconf 85' lang='lat' dir='ltr'>lacerna,</span> 
     </span>
     <span class='ocr_line' id='line_1_15' title="bbox 356 2068 1548 2170; baseline 0.001 -26"><span class='ocrx_word' id='word_1_90' title='bbox 356 2069 444 2145; x_wconf 90' lang='lat' dir='ltr'>Non</span> <span class='ocrx_word' id='word_1_91' title='bbox 471 2095 510 2143; x_wconf 94' lang='lat' dir='ltr'>es</span> <span class='ocrx_word' id='word_1_92' title='bbox 537 2068 643 2167; x_wconf 89' lang='lat' dir='ltr'>quod</span> <span class='ocrx_word' id='word_1_93' title='bbox 669 2068 851 2145; x_wconf 82' lang='lat' dir='ltr'>simulas?</span> <span class='ocrx_word' id='word_1_94' title='bbox 901 2072 1077 2146; x_wconf 87' lang='lat' dir='ltr'>Metuens</span> <span class='ocrx_word' id='word_1_95' title='bbox 1102 2070 1296 2147; x_wconf 85' lang='lat' dir='ltr'>induceris</span> <span class='ocrx_word' id='word_1_96' title='bbox 1324 2085 1439 2170; x_wconf 85' lang='lat' dir='ltr'>atque</span> <span class='ocrx_word' id='word_1_97' title='bbox 1547 2088 1548 2095; x_wconf 77' lang='grc'>’</span> 
     </span>
     <span class='ocr_line' id='line_1_16' title="bbox 355 2191 1278 2295; baseline 0.002 -29"><span class='ocrx_word' id='word_1_98' title='bbox 355 2191 577 2269; x_wconf 86' lang='lat' dir='ltr'>Alteroante</span> <span class='ocrx_word' id='word_1_99' title='bbox 601 2193 828 2270; x_wconf 85' lang='lat' dir='ltr'>libidinibus</span> <span class='ocrx_word' id='word_1_100' title='bbox 854 2194 986 2271; x_wconf 87' lang='lat' dir='ltr'>tremis</span> <span class='ocrx_word' id='word_1_101' title='bbox 1013 2220 1098 2271; x_wconf 85' lang='lat' dir='ltr'>ossa</span> <span class='ocrx_word' id='word_1_102' title='bbox 1123 2220 1278 2295; x_wconf 76' lang='lat' dir='ltr'>pavore.</span> 
     </span>
     <span class='ocr_line' id='line_1_17' title="bbox 353 2316 1310 2420; baseline 0.003 -29"><span class='ocrx_word' id='word_1_103' title='bbox 353 2316 457 2407; x_wconf 83' lang='lat' dir='ltr'>Quid</span> <span class='ocrx_word' id='word_1_104' title='bbox 483 2318 614 2413; x_wconf 82' lang='lat' dir='ltr'>refert,</span> <span class='ocrx_word' id='word_1_105' title='bbox 639 2318 710 2414; x_wconf 85' lang='lat' dir='ltr'>uri,</span> <span class='ocrx_word' id='word_1_106' title='bbox 739 2320 856 2416; x_wconf 82' lang='lat' dir='ltr'>virgis</span> <span class='ocrx_word' id='word_1_107' title='bbox 883 2318 1065 2420; x_wconf 86' lang='lat' dir='ltr'>ferroque</span> <span class='ocrx_word' id='word_1_108' title='bbox 1091 2320 1220 2396; x_wconf 85' lang='lat' dir='ltr'>necari</span> <span class='ocrx_word' id='word_1_109' title='bbox 1308 2408 1310 2415; x_wconf 43' lang='lat'>.</span> 
     </span>
    </p>
   </div>
   <div class='ocr_carea' id='block_1_3' title="bbox 295 2525 1548 4664">
    <p class='ocr_par' dir='ltr' id='par_1_8' title="bbox 295 2525 1548 4664">
     <span class='ocr_line' id='line_1_18' title="bbox 304 2525 1495 2652; baseline 0 -69"><span class='ocrx_word' id='word_1_110' title='bbox 304 2528 450 2652; x_wconf 81' lang='lat' dir='ltr'>proestare</span> <span class='ocrx_word' id='word_1_111' title='bbox 468 2525 616 2582; x_wconf 85' lang='lat' dir='ltr'>Horatium</span> <span class='ocrx_word' id='word_1_112' title='bbox 635 2529 665 2583; x_wconf 86' lang='lat' dir='ltr'>et</span> <span class='ocrx_word' id='word_1_113' title='bbox 688 2545 802 2583; x_wconf 87' lang='lat' dir='ltr'>manum</span> <span class='ocrx_word' id='word_1_114' title='bbox 825 2526 879 2585; x_wconf 90' lang='lat' dir='ltr'>tol·</span> <span class='ocrx_word' id='word_1_115' title='bbox 963 2528 997 2584; x_wconf 82' lang='lat' dir='ltr'>V.</span> <span class='ocrx_word' id='word_1_116' title='bbox 1008 2528 1051 2584; x_wconf 74' lang='lat' dir='ltr'>bd.</span> <span class='ocrx_word' id='word_1_117' title='bbox 1089 2550 1123 2585; x_wconf 74' lang='lat' dir='ltr'>es</span> <span class='ocrx_word' id='word_1_118' title='bbox 1140 2526 1241 2600; x_wconf 70' lang='lat' dir='ltr'>todire]</span> <span class='ocrx_word' id='word_1_119' title='bbox 1259 2546 1327 2584; x_wconf 83' lang='lat' dir='ltr'>nam</span> <span class='ocrx_word' id='word_1_120' title='bbox 1349 2546 1384 2585; x_wconf 82' lang='lat' dir='ltr'>ex</span> <span class='ocrx_word' id='word_1_121' title='bbox 1402 2528 1495 2599; x_wconf 87' lang='lat' dir='ltr'>equiti·</span> 
     </span>
     <span class='ocr_line' id='line_1_19' title="bbox 317 2597 1494 2674; baseline 0.001 -20"><span class='ocrx_word' id='word_1_122' title='bbox 317 2615 365 2655; x_wconf 85' lang='lat' dir='ltr'>ere</span> <span class='ocrx_word' id='word_1_123' title='bbox 382 2597 545 2655; x_wconf 83' lang='lat' dir='ltr'>minantem.</span> <span class='ocrx_word' id='word_1_124' title='bbox 566 2629 599 2640; x_wconf 92' lang='lat'>·-</span> <span class='ocrx_word' id='word_1_125' title='bbox 613 2605 766 2674; x_wconf 67' lang='lat' dir='ltr'>gotepertus</span> <span class='ocrx_word' id='word_1_126' title='bbox 785 2606 880 2658; x_wconf 68' lang='grc' dir='ltr'>(1ωώ-</span> <span class='ocrx_word' id='word_1_127' title='bbox 928 2600 981 2658; x_wconf 89' lang='lat' dir='ltr'>bus</span> <span class='ocrx_word' id='word_1_128' title='bbox 998 2600 1106 2656; x_wconf 87' lang='lat' dir='ltr'>iudices</span> <span class='ocrx_word' id='word_1_129' title='bbox 1125 2600 1311 2672; x_wconf 77' lang='lat' dir='ltr'>eligebantur.</span> <span class='ocrx_word' id='word_1_130' title='bbox 1328 2600 1373 2658; x_wconf 83' lang='lat' dir='ltr'>De</span> <span class='ocrx_word' id='word_1_131' title='bbox 1391 2601 1494 2658; x_wconf 81' lang='lat' dir='ltr'>lacerna</span> 
     </span>
     <span class='ocr_line' id='line_1_20' title="bbox 305 2671 1496 2814; baseline -0.001 -16"><span class='ocrx_word' id='word_1_132' title='bbox 305 2671 373 2798; x_wconf 77' lang='lat' dir='ltr'>tt</span> <span class='ocrx_word' id='word_1_133' title='bbox 399 2673 685 2814; x_wconf 70' lang='lat' dir='ltr'>structu</span> <span class='ocrx_word' id='word_1_134' title='bbox 706 2673 880 2799; x_wconf 67' lang='lat' dir='ltr'>tttttl</span> <span class='ocrx_word' id='word_1_135' title='bbox 928 2671 1275 2798; x_wconf 64' lang='lat' dir='ltr'>stocttruttt</span> <span class='ocrx_word' id='word_1_136' title='bbox 1292 2673 1496 2800; x_wconf 61' lang='lat' dir='ltr'>“dtqttttl</span> 
     </span>
     <span class='ocr_line' id='line_1_21' title="bbox 309 2813 1496 2886; baseline -0.002 -18"><span class='ocrx_word' id='word_1_137' title='bbox 309 2841 342 2853; x_wconf 89' lang='lat'>-</span> <span class='ocrx_word' id='word_1_138' title='bbox 372 2814 462 2884; x_wconf 70' lang='lat' dir='ltr'><strong>muco]</strong></span> <span class='ocrx_word' id='word_1_139' title='bbox 488 2813 579 2884; x_wconf 81' lang='lat' dir='ltr'>Epist.</span> <span class='ocrx_word' id='word_1_140' title='bbox 598 2814 619 2879; x_wconf 88' lang='grc' dir='ltr'>Ι,</span> <span class='ocrx_word' id='word_1_141' title='bbox 640 2818 682 2881; x_wconf 91' lang='grc'>16,</span> <span class='ocrx_word' id='word_1_142' title='bbox 702 2818 746 2869; x_wconf 82' lang='grc'>48.</span> <span class='ocrx_word' id='word_1_143' title='bbox 784 2813 879 2872; x_wconf 82' lang='lat' dir='ltr'>Crucis</span> <span class='ocrx_word' id='word_1_144' title='bbox 929 2815 1001 2870; x_wconf 72' lang='lat' dir='ltr'>Gall.</span> <span class='ocrx_word' id='word_1_145' title='bbox 1018 2813 1049 2870; x_wconf 82' lang='lat' dir='ltr'>T.</span> <span class='ocrx_word' id='word_1_146' title='bbox 1063 2815 1098 2868; x_wconf 90' lang='lat'>11.</span> <span class='ocrx_word' id='word_1_147' title='bbox 1119 2831 1146 2884; x_wconf 89' lang='lat' dir='ltr'>p.</span> <span class='ocrx_word' id='word_1_148' title='bbox 1164 2817 1199 2870; x_wconf 76' lang='lat'>98</span> <span class='ocrx_word' id='word_1_149' title='bbox 1218 2815 1273 2886; x_wconf 75' lang='lat' dir='ltr'>(ed.</span> <span class='ocrx_word' id='word_1_150' title='bbox 1295 2816 1335 2886; x_wconf 85' lang='lat'>1):</span> <span class='ocrx_word' id='word_1_151' title='bbox 1368 2815 1431 2870; x_wconf 78' lang='lat' dir='ltr'>»De</span> <span class='ocrx_word' id='word_1_152' title='bbox 1455 2815 1496 2868; x_wconf 89' lang='lat' dir='ltr'>bei</span> 
     </span>
     <span class='ocr_line' id='line_1_22' title="bbox 306 2883 1548 2956; baseline -0.002 -18"><span class='ocrx_word' id='word_1_153' title='bbox 306 2888 402 2938; x_wconf 89' lang='lat' dir='ltr'>autem</span> <span class='ocrx_word' id='word_1_154' title='bbox 437 2885 604 2954; x_wconf 86' lang='lat' dir='ltr'>suplicium</span> <span class='ocrx_word' id='word_1_155' title='bbox 637 2884 713 2956; x_wconf 85' lang='lat' dir='ltr'>apud</span> <span class='ocrx_word' id='word_1_156' title='bbox 738 2885 880 2940; x_wconf 82' lang='lat' dir='ltr'>Romanos</span> <span class='ocrx_word' id='word_1_157' title='bbox 929 2883 1022 2940; x_wconf 82' lang='lat' dir='ltr'>dieser</span> <span class='ocrx_word' id='word_1_158' title='bbox 1040 2885 1181 2956; x_wconf 87' lang='lat' dir='ltr'>Kleidung</span> <span class='ocrx_word' id='word_1_159' title='bbox 1201 2886 1335 2954; x_wconf 84' lang='lat' dir='ltr'>(lacerna)</span> <span class='ocrx_word' id='word_1_160' title='bbox 1360 2886 1412 2941; x_wconf 88' lang='lat' dir='ltr'>der</span> <span class='ocrx_word' id='word_1_161' title='bbox 1428 2884 1499 2954; x_wconf 81' lang='lat' dir='ltr'>Kopf</span> <span class='ocrx_word' id='word_1_162' title='bbox 1547 2885 1548 2892; x_wconf 76' lang='grc'>’</span> 
     </span>
     <span class='ocr_line' id='line_1_23' title="bbox 305 2901 1548 3028; baseline 0 -19"><span class='ocrx_word' id='word_1_163' title='bbox 305 2955 444 3028; x_wconf 79' lang='lat' dir='ltr'>peculiare</span> <span class='ocrx_word' id='word_1_164' title='bbox 470 2901 526 3011; x_wconf 77' lang='lat' dir='ltr'>luit</span> <span class='ocrx_word' id='word_1_165' title='bbox 550 2957 649 3023; x_wconf 83' lang='lat' dir='ltr'>servis,</span> <span class='ocrx_word' id='word_1_166' title='bbox 677 2957 752 3011; x_wconf 90' lang='lat' dir='ltr'>unde</span> <span class='ocrx_word' id='word_1_167' title='bbox 779 2957 879 3013; x_wconf 80' lang='lat' dir='ltr'>servile</span> <span class='ocrx_word' id='word_1_168' title='bbox 929 2955 1029 3012; x_wconf 88' lang='lat' dir='ltr'>immer</span> <span class='ocrx_word' id='word_1_169' title='bbox 1060 2957 1219 3012; x_wconf 86' lang='lat' dir='ltr'>unbedeolrt</span> <span class='ocrx_word' id='word_1_170' title='bbox 1244 2956 1322 3013; x_wconf 84' lang='lat' dir='ltr'>blisb</span> <span class='ocrx_word' id='word_1_171' title='bbox 1351 2957 1409 3012; x_wconf 86' lang='lat' dir='ltr'>und</span> <span class='ocrx_word' id='word_1_172' title='bbox 1437 2973 1496 3010; x_wconf 89' lang='lat' dir='ltr'>man</span> <span class='ocrx_word' id='word_1_173' title='bbox 1547 2965 1548 3016; x_wconf 63' lang='lat' dir='ltr'><strong><em>g</em></strong></span> 
     </span>
     <span class='ocr_line' id='line_1_24' title="bbox 306 3026 1496 3110; baseline 0.003 -28"><span class='ocrx_word' id='word_1_174' title='bbox 306 3027 474 3099; x_wconf 86' lang='lat' dir='ltr'>supplicium</span> <span class='ocrx_word' id='word_1_175' title='bbox 507 3029 688 3098; x_wconf 79' lang='lat' dir='ltr'>appellatum.</span> <span class='ocrx_word' id='word_1_176' title='bbox 725 3057 759 3068; x_wconf 93' lang='lat'>·-</span> <span class='ocrx_word' id='word_1_177' title='bbox 797 3031 879 3083; x_wconf 76' lang='lat' dir='ltr'>anolo</span> <span class='ocrx_word' id='word_1_178' title='bbox 930 3026 1012 3082; x_wconf 88' lang='lat' dir='ltr'>einen</span> <span class='ocrx_word' id='word_1_179' title='bbox 1030 3031 1144 3098; x_wconf 82' lang='lat' dir='ltr'>petasus</span> <span class='ocrx_word' id='word_1_180' title='bbox 1154 3027 1329 3099; x_wconf 80' lang='lat' dir='ltr'>gewbhnlich</span> <span class='ocrx_word' id='word_1_181' title='bbox 1340 3028 1419 3082; x_wconf 87' lang='lat' dir='ltr'>nicht</span> <span class='ocrx_word' id='word_1_182' title='bbox 1428 3033 1496 3110; x_wconf 75' lang='lat' dir='ltr'>trug·</span> 
     </span>
     <span class='ocr_line' id='line_1_25' title="bbox 306 3095 1497 3222; baseline -0.003 -68"><span class='ocrx_word' id='word_1_183' title='bbox 306 3097 434 3222; x_wconf 51' lang='lat' dir='ltr'>aquoso?</span> <span class='ocrx_word' id='word_1_184' title='bbox 455 3096 516 3165; x_wconf 78' lang='lat' dir='ltr'>Qua</span> <span class='ocrx_word' id='word_1_185' title='bbox 535 3098 879 3169; x_wconf 79' lang='lat' dir='ltr'>rationeHoratiuseque-</span> <span class='ocrx_word' id='word_1_186' title='bbox 930 3115 961 3154; x_wconf 85' lang='lat' dir='ltr'>so</span> <span class='ocrx_word' id='word_1_187' title='bbox 980 3098 1086 3154; x_wconf 79' lang='lat' dir='ltr'>hostete</span> <span class='ocrx_word' id='word_1_188' title='bbox 1105 3115 1178 3166; x_wconf 83' lang='lat' dir='ltr'>man,</span> <span class='ocrx_word' id='word_1_189' title='bbox 1205 3099 1379 3155; x_wconf 86' lang='lat' dir='ltr'>namentlich</span> <span class='ocrx_word' id='word_1_190' title='bbox 1397 3097 1441 3152; x_wconf 66' lang='grc' dir='ltr'>ῆι·</span> <span class='ocrx_word' id='word_1_191' title='bbox 1456 3095 1497 3152; x_wconf 82' lang='lat' dir='ltr'>dte</span> 
     </span>
     <span class='ocr_line' id='line_1_26' title="bbox 304 3169 1497 3241; baseline 0.001 -18"><span class='ocrx_word' id='word_1_192' title='bbox 304 3174 392 3224; x_wconf 83' lang='lat' dir='ltr'>strom</span> <span class='ocrx_word' id='word_1_193' title='bbox 428 3171 576 3239; x_wconf 84' lang='lat' dir='ltr'>ignitatem</span> <span class='ocrx_word' id='word_1_194' title='bbox 595 3171 736 3241; x_wconf 83' lang='lat' dir='ltr'>acceperit</span> <span class='ocrx_word' id='word_1_195' title='bbox 749 3188 801 3225; x_wconf 83' lang='lat' dir='ltr'>nos</span> <span class='ocrx_word' id='word_1_196' title='bbox 839 3169 880 3224; x_wconf 92' lang='lat' dir='ltr'>ui·</span> <span class='ocrx_word' id='word_1_197' title='bbox 929 3169 1012 3225; x_wconf 78' lang='lat' dir='ltr'>Reice</span> <span class='ocrx_word' id='word_1_198' title='bbox 1038 3171 1107 3226; x_wconf 85' lang='lat' dir='ltr'>oder</span> <span class='ocrx_word' id='word_1_199' title='bbox 1123 3187 1205 3224; x_wconf 83' lang='lat' dir='ltr'>wenu</span> <span class='ocrx_word' id='word_1_200' title='bbox 1223 3185 1287 3226; x_wconf 87' lang='lat' dir='ltr'>man</span> <span class='ocrx_word' id='word_1_201' title='bbox 1304 3170 1441 3226; x_wconf 79' lang='lat' dir='ltr'>obvoluto</span> <span class='ocrx_word' id='word_1_202' title='bbox 1459 3184 1497 3224; x_wconf 78' lang='lat' dir='ltr'>cs·</span> 
     </span>
     <span class='ocr_line' id='line_1_27' title="bbox 307 3189 1497 3312; baseline -0.003 -18"><span class='ocrx_word' id='word_1_203' title='bbox 307 3240 370 3295; x_wconf 88' lang='lat' dir='ltr'>dem</span> <span class='ocrx_word' id='word_1_204' title='bbox 394 3241 569 3310; x_wconf 80' lang='lat' dir='ltr'>ignoramus3</span> <span class='ocrx_word' id='word_1_205' title='bbox 597 3241 717 3296; x_wconf 83' lang='lat' dir='ltr'>fortasse</span> <span class='ocrx_word' id='word_1_206' title='bbox 743 3189 879 3296; x_wconf 72' lang='lat' dir='ltr'>beroldo</span> <span class='ocrx_word' id='word_1_207' title='bbox 929 3241 988 3312; x_wconf 89' lang='lat' dir='ltr'>pite</span> <span class='ocrx_word' id='word_1_208' title='bbox 1005 3243 1166 3296; x_wconf 78' lang='lat' dir='ltr'>uuorlronut</span> <span class='ocrx_word' id='word_1_209' title='bbox 1184 3241 1244 3296; x_wconf 86' lang='lat' dir='ltr'>sein</span> <span class='ocrx_word' id='word_1_210' title='bbox 1262 3241 1368 3307; x_wconf 80' lang='lat' dir='ltr'>wollte,</span> <span class='ocrx_word' id='word_1_211' title='bbox 1380 3239 1439 3296; x_wconf 87' lang='lat' dir='ltr'>eine</span> <span class='ocrx_word' id='word_1_212' title='bbox 1449 3241 1497 3294; x_wconf 84' lang='lat' dir='ltr'>Art</span> 
     </span>
     <span class='ocr_line' id='line_1_28' title="bbox 307 3311 1497 3382; baseline -0.001 -17"><span class='ocrx_word' id='word_1_213' title='bbox 307 3311 452 3368; x_wconf 80' lang='lat' dir='ltr'>Octaviani</span> <span class='ocrx_word' id='word_1_214' title='bbox 470 3329 504 3366; x_wconf 92' lang='lat' dir='ltr'>eo</span> <span class='ocrx_word' id='word_1_215' title='bbox 522 3318 656 3382; x_wconf 87' lang='lat' dir='ltr'>tempore,</span> <span class='ocrx_word' id='word_1_216' title='bbox 677 3331 731 3382; x_wconf 91' lang='lat' dir='ltr'>quo</span> <span class='ocrx_word' id='word_1_217' title='bbox 747 3313 880 3368; x_wconf 88' lang='lat' dir='ltr'>Sabinum</span> <span class='ocrx_word' id='word_1_218' title='bbox 930 3313 1090 3382; x_wconf 83' lang='lat' dir='ltr'>Copuchon,</span> <span class='ocrx_word' id='word_1_219' title='bbox 1110 3313 1242 3377; x_wconf 83' lang='lat' dir='ltr'>cucullus,</span> <span class='ocrx_word' id='word_1_220' title='bbox 1253 3313 1325 3368; x_wconf 89' lang='lat' dir='ltr'>auch</span> <span class='ocrx_word' id='word_1_221' title='bbox 1336 3311 1497 3368; x_wconf 67' lang='lat' dir='ltr'>cucullione</span> 
     </span>
     <span class='ocr_line' id='line_1_29' title="bbox 306 3381 1548 3456; baseline 0.003 -18"><span class='ocrx_word' id='word_1_222' title='bbox 306 3383 429 3453; x_wconf 86' lang='lat' dir='ltr'>accepit,</span> <span class='ocrx_word' id='word_1_223' title='bbox 463 3381 492 3437; x_wconf 89' lang='lat' dir='ltr'>in</span> <span class='ocrx_word' id='word_1_224' title='bbox 521 3383 725 3455; x_wconf 77' lang='lat' dir='ltr'>ingenuitatem</span> <span class='ocrx_word' id='word_1_225' title='bbox 756 3387 880 3439; x_wconf 88' lang='lat' dir='ltr'>assertus</span> <span class='ocrx_word' id='word_1_226' title='bbox 931 3384 976 3438; x_wconf 88' lang='lat' dir='ltr'>dio</span> <span class='ocrx_word' id='word_1_227' title='bbox 992 3383 1106 3439; x_wconf 83' lang='lat' dir='ltr'>lacerna</span> <span class='ocrx_word' id='word_1_228' title='bbox 1124 3385 1193 3439; x_wconf 85' lang='lat' dir='ltr'>oder</span> <span class='ocrx_word' id='word_1_229' title='bbox 1209 3384 1355 3456; x_wconf 64' lang='lat' dir='ltr'>paenulas</span> <span class='ocrx_word' id='word_1_230' title='bbox 1375 3415 1407 3424; x_wconf 89' lang='lat'><em>-</em></span> <span class='ocrx_word' id='word_1_231' title='bbox 1427 3385 1497 3438; x_wconf 76' lang='lat' dir='ltr'>indo·</span> <span class='ocrx_word' id='word_1_232' title='bbox 1547 3439 1548 3442; x_wconf 74' lang='grc'>,</span> 
     </span>
     <span class='ocr_line' id='line_1_30' title="bbox 304 3454 1496 3526; baseline -0.002 -18"><span class='ocrx_word' id='word_1_233' title='bbox 304 3470 368 3508; x_wconf 87' lang='lat' dir='ltr'>cum</span> <span class='ocrx_word' id='word_1_234' title='bbox 383 3469 468 3508; x_wconf 86' lang='lat' dir='ltr'>censu</span> <span class='ocrx_word' id='word_1_235' title='bbox 485 3455 609 3524; x_wconf 85' lang='lat' dir='ltr'>equestri</span> <span class='ocrx_word' id='word_1_236' title='bbox 629 3455 793 3526; x_wconf 85' lang='lat' dir='ltr'>dignitatem</span> <span class='ocrx_word' id='word_1_237' title='bbox 813 3469 879 3524; x_wconf 92' lang='lat' dir='ltr'>quo·</span> <span class='ocrx_word' id='word_1_238' title='bbox 930 3454 1013 3525; x_wconf 75' lang='lat' dir='ltr'>ceris]</span> <span class='ocrx_word' id='word_1_239' title='bbox 1031 3454 1060 3508; x_wconf 91' lang='lat' dir='ltr'>in</span> <span class='ocrx_word' id='word_1_240' title='bbox 1079 3455 1191 3510; x_wconf 89' lang='lat' dir='ltr'>domum</span> <span class='ocrx_word' id='word_1_241' title='bbox 1209 3455 1364 3510; x_wconf 70' lang='lat' dir='ltr'>adulterae.</span> <span class='ocrx_word' id='word_1_242' title='bbox 1375 3483 1409 3496; x_wconf 89' lang='lat'>—</span> <span class='ocrx_word' id='word_1_243' title='bbox 1420 3456 1496 3510; x_wconf 75' lang='lat' dir='ltr'>atter·</span> 
     </span>
     <span class='ocr_line' id='line_1_31' title="bbox 306 3523 1498 3596; baseline -0.002 -17"><span class='ocrx_word' id='word_1_244' title='bbox 306 3542 360 3593; x_wconf 85' lang='lat' dir='ltr'>que</span> <span class='ocrx_word' id='word_1_245' title='bbox 380 3523 498 3594; x_wconf 88' lang='lat' dir='ltr'>adeptus</span> <span class='ocrx_word' id='word_1_246' title='bbox 518 3529 569 3580; x_wconf 89' lang='lat' dir='ltr'>est.</span> <span class='ocrx_word' id='word_1_247' title='bbox 615 3525 684 3580; x_wconf 85' lang='lat' dir='ltr'>Cum</span> <span class='ocrx_word' id='word_1_248' title='bbox 703 3544 758 3596; x_wconf 92' lang='lat' dir='ltr'>qua</span> <span class='ocrx_word' id='word_1_249' title='bbox 774 3543 805 3580; x_wconf 89' lang='lat' dir='ltr'>ro</span> <span class='ocrx_word' id='word_1_250' title='bbox 823 3542 880 3580; x_wconf 90' lang='lat' dir='ltr'>nou</span> <span class='ocrx_word' id='word_1_251' title='bbox 931 3527 1019 3595; x_wconf 75' lang='lat' dir='ltr'>conte]</span> <span class='ocrx_word' id='word_1_252' title='bbox 1045 3525 1171 3582; x_wconf 84' lang='lat' dir='ltr'>Verbum</span> <span class='ocrx_word' id='word_1_253' title='bbox 1190 3543 1206 3580; x_wconf 82' lang='lat' dir='ltr'>a</span> <span class='ocrx_word' id='word_1_254' title='bbox 1224 3526 1329 3582; x_wconf 90' lang='lat' dir='ltr'>iudicio</span> <span class='ocrx_word' id='word_1_255' title='bbox 1351 3529 1395 3581; x_wconf 88' lang='lat' dir='ltr'>est</span> <span class='ocrx_word' id='word_1_256' title='bbox 1412 3529 1498 3579; x_wconf 83' lang='lat' dir='ltr'>trans·</span> 
     </span>
     <span class='ocr_line' id='line_1_32' title="bbox 305 3595 1495 3668; baseline -0.001 -19"><span class='ocrx_word' id='word_1_257' title='bbox 305 3595 488 3667; x_wconf 82' lang='lat' dir='ltr'>puguatSat.</span> <span class='ocrx_word' id='word_1_258' title='bbox 510 3595 719 3666; x_wconf 77' lang='lat'>11‚1,29.75;</span> <span class='ocrx_word' id='word_1_259' title='bbox 747 3597 788 3652; x_wconf 91' lang='lat' dir='ltr'>ibi</span> <span class='ocrx_word' id='word_1_260' title='bbox 806 3595 879 3651; x_wconf 87' lang='lat' dir='ltr'>euim</span> <span class='ocrx_word' id='word_1_261' title='bbox 928 3595 1033 3665; x_wconf 85' lang='lat' dir='ltr'>latnm;</span> <span class='ocrx_word' id='word_1_262' title='bbox 1062 3598 1215 3652; x_wconf 84' lang='lat' dir='ltr'>altercatur</span> <span class='ocrx_word' id='word_1_263' title='bbox 1238 3597 1313 3652; x_wconf 89' lang='lat' dir='ltr'>onim</span> <span class='ocrx_word' id='word_1_264' title='bbox 1339 3598 1387 3668; x_wconf 88' lang='lat' dir='ltr'>qui</span> <span class='ocrx_word' id='word_1_265' title='bbox 1404 3597 1495 3651; x_wconf 84' lang='lat' dir='ltr'>sdver-</span> 
     </span>
     <span class='ocr_line' id='line_1_33' title="bbox 305 3667 1496 3740; baseline -0.002 -18"><span class='ocrx_word' id='word_1_266' title='bbox 305 3668 385 3722; x_wconf 82' lang='lat' dir='ltr'>cavet</span> <span class='ocrx_word' id='word_1_267' title='bbox 408 3682 444 3719; x_wconf 89' lang='lat' dir='ltr'>ne</span> <span class='ocrx_word' id='word_1_268' title='bbox 469 3682 541 3722; x_wconf 79' lang='lat' dir='ltr'>nova</span> <span class='ocrx_word' id='word_1_269' title='bbox 565 3667 620 3721; x_wconf 90' lang='lat' dir='ltr'>sibi</span> <span class='ocrx_word' id='word_1_270' title='bbox 637 3669 760 3740; x_wconf 86' lang='lat' dir='ltr'>dignitas</span> <span class='ocrx_word' id='word_1_271' title='bbox 778 3667 807 3722; x_wconf 91' lang='lat' dir='ltr'>in</span> <span class='ocrx_word' id='word_1_272' title='bbox 826 3668 881 3723; x_wconf 91' lang='lat' dir='ltr'>cri·</span> <span class='ocrx_word' id='word_1_273' title='bbox 930 3669 1033 3723; x_wconf 86' lang='lat' dir='ltr'>sarium</span> <span class='ocrx_word' id='word_1_274' title='bbox 1051 3667 1254 3740; x_wconf 85' lang='lat' dir='ltr'>interrogando</span> <span class='ocrx_word' id='word_1_275' title='bbox 1266 3669 1379 3722; x_wconf 84' lang='lat' dir='ltr'>vincere</span> <span class='ocrx_word' id='word_1_276' title='bbox 1399 3667 1496 3723; x_wconf 80' lang='lat' dir='ltr'>studet.</span> 
     </span>
     <span class='ocr_line' id='line_1_34' title="bbox 304 3737 1496 3810; baseline -0.002 -18"><span class='ocrx_word' id='word_1_277' title='bbox 304 3755 369 3792; x_wconf 90' lang='lat' dir='ltr'>men</span> <span class='ocrx_word' id='word_1_278' title='bbox 399 3740 429 3790; x_wconf 92' lang='lat' dir='ltr'>et</span> <span class='ocrx_word' id='word_1_279' title='bbox 464 3739 655 3810; x_wconf 81' lang='lat' dir='ltr'>arrogantiam</span> <span class='ocrx_word' id='word_1_280' title='bbox 690 3743 879 3796; x_wconf 82' lang='lat' dir='ltr'>convertatur.</span> <span class='ocrx_word' id='word_1_281' title='bbox 931 3739 1132 3794; x_wconf 63' lang='lat' dir='ltr'>Gieltrutdt:</span> <span class='ocrx_word' id='word_1_282' title='bbox 1155 3737 1496 3796; x_wconf 82' lang='lat' dir='ltr'>»Crassusineltorcando</span> 
     </span>
     <span class='ocr_line' id='line_1_35' title="bbox 306 3809 1497 3881; baseline 0.002 -19"><span class='ocrx_word' id='word_1_283' title='bbox 306 3809 363 3862; x_wconf 85' lang='lat' dir='ltr'>Alii</span> <span class='ocrx_word' id='word_1_284' title='bbox 381 3825 439 3862; x_wconf 91' lang='lat' dir='ltr'>non</span> <span class='ocrx_word' id='word_1_285' title='bbox 457 3810 626 3864; x_wconf 86' lang='lat' dir='ltr'>sententiam</span> <span class='ocrx_word' id='word_1_286' title='bbox 644 3810 734 3866; x_wconf 89' lang='lat' dir='ltr'>solum</span> <span class='ocrx_word' id='word_1_287' title='bbox 753 3810 880 3866; x_wconf 86' lang='lat' dir='ltr'>ianitoris</span> <span class='ocrx_word' id='word_1_288' title='bbox 930 3811 1036 3865; x_wconf 79' lang='lat' dir='ltr'>invenit</span> <span class='ocrx_word' id='word_1_289' title='bbox 1100 3827 1160 3866; x_wconf 84' lang='lat' dir='ltr'>rem</span> <span class='ocrx_word' id='word_1_290' title='bbox 1187 3811 1351 3866; x_wconf 78' lang='lat' dir='ltr'>neminem«</span> <span class='ocrx_word' id='word_1_291' title='bbox 1380 3839 1414 3852; x_wconf 90' lang='lat'>-</span> <span class='ocrx_word' id='word_1_292' title='bbox 1438 3810 1497 3881; x_wconf 78' lang='lat' dir='ltr'>qaid</span> 
     </span>
     <span class='ocr_line' id='line_1_36' title="bbox 306 3827 1495 3954; baseline -0.002 -19"><span class='ocrx_word' id='word_1_293' title='bbox 306 3878 438 3950; x_wconf 84' lang='lat' dir='ltr'>Crispini,</span> <span class='ocrx_word' id='word_1_294' title='bbox 465 3880 515 3934; x_wconf 91' lang='lat' dir='ltr'>sod</span> <span class='ocrx_word' id='word_1_295' title='bbox 538 3881 625 3936; x_wconf 87' lang='lat' dir='ltr'>verba</span> <span class='ocrx_word' id='word_1_296' title='bbox 649 3882 734 3936; x_wconf 87' lang='lat' dir='ltr'>otiam</span> <span class='ocrx_word' id='word_1_297' title='bbox 758 3879 881 3936; x_wconf 85' lang='lat' dir='ltr'>aDama</span> <span class='ocrx_word' id='word_1_298' title='bbox 930 3882 1025 3954; x_wconf 73' lang='lat' dir='ltr'>refert]</span> <span class='ocrx_word' id='word_1_299' title='bbox 1045 3827 1167 3949; x_wconf 51' lang='lat' dir='ltr'>»blood</span> <span class='ocrx_word' id='word_1_300' title='bbox 1183 3882 1224 3936; x_wconf 78' lang='lat' dir='ltr'>ita</span> <span class='ocrx_word' id='word_1_301' title='bbox 1243 3883 1272 3936; x_wconf 81' lang='lat' dir='ltr'>te</span> <span class='ocrx_word' id='word_1_302' title='bbox 1290 3881 1374 3952; x_wconf 80' lang='lat' dir='ltr'>geris,</span> <span class='ocrx_word' id='word_1_303' title='bbox 1393 3882 1495 3937; x_wconf 86' lang='lat' dir='ltr'>numtu</span> 
     </span>
     <span class='ocr_line' id='line_1_37' title="bbox 305 3950 1497 4038; baseline -0.003 -34"><span class='ocrx_word' id='word_1_304' title='bbox 305 3951 481 4022; x_wconf 87' lang='lat' dir='ltr'>pronuntiari</span> <span class='ocrx_word' id='word_1_305' title='bbox 496 3953 627 4020; x_wconf 87' lang='lat' dir='ltr'>putantes</span> <span class='ocrx_word' id='word_1_306' title='bbox 645 3969 736 4037; x_wconf 74' lang='lat' dir='ltr'>neque</span> <span class='ocrx_word' id='word_1_307' title='bbox 756 3965 780 4008; x_wconf 77' lang='lat' dir='ltr'>ts</span> <span class='ocrx_word' id='word_1_308' title='bbox 800 3971 825 4008; x_wconf 78' lang='grc' dir='ltr'>ι.</span> <span class='ocrx_word' id='word_1_309' title='bbox 844 3955 880 4008; x_wconf 83' lang='grc'>46</span> <span class='ocrx_word' id='word_1_310' title='bbox 929 3953 1020 4024; x_wconf 84' lang='lat' dir='ltr'>magis</span> <span class='ocrx_word' id='word_1_311' title='bbox 1038 3952 1111 4037; x_wconf 80' lang='lat' dir='ltr'>libor</span> <span class='ocrx_word' id='word_1_312' title='bbox 1129 3969 1159 4007; x_wconf 89' lang='lat' dir='ltr'>es</span> <span class='ocrx_word' id='word_1_313' title='bbox 1179 3969 1261 4038; x_wconf 76' lang='lat' dir='ltr'>quem</span> <span class='ocrx_word' id='word_1_314' title='bbox 1277 3953 1302 4007; x_wconf 89' lang='lat' dir='ltr'>is</span> <span class='ocrx_word' id='word_1_315' title='bbox 1314 3953 1370 4038; x_wconf 36' lang='lat' dir='ltr'>&#39;qui</span> <span class='ocrx_word' id='word_1_316' title='bbox 1384 3950 1497 4038; x_wconf 77' lang='lat' dir='ltr'>lanistae</span> 
     </span>
     <span class='ocr_line' id='line_1_38' title="bbox 304 4021 1497 4168; baseline -0.004 -20"><span class='ocrx_word' id='word_1_317' title='bbox 304 4021 880 4165; x_wconf 62' lang='lat' dir='ltr'>ttttsttd..ttdlttttttt</span> <span class='ocrx_word' id='word_1_318' title='bbox 930 4023 1496 4168; x_wconf 56' lang='lat' dir='ltr'>tutttdttdtl.ttdtttt</span> 
     </span>
     <span class='ocr_line' id='line_1_39' title="bbox 305 4163 1496 4238; baseline -0.003 -19"><span class='ocrx_word' id='word_1_319' title='bbox 305 4163 514 4236; x_wconf 80' lang='lat' dir='ltr'>stlocupletam</span> <span class='ocrx_word' id='word_1_320' title='bbox 526 4165 672 4238; x_wconf 90' lang='lat' dir='ltr'>obiurgari</span> <span class='ocrx_word' id='word_1_321' title='bbox 681 4167 797 4221; x_wconf 89' lang='lat' dir='ltr'>malunt.</span> <span class='ocrx_word' id='word_1_322' title='bbox 818 4165 879 4233; x_wconf 79' lang='lat' dir='ltr'>Quo</span> <span class='ocrx_word' id='word_1_323' title='bbox 928 4169 1009 4220; x_wconf 88' lang='lat' dir='ltr'>tuum</span> <span class='ocrx_word' id='word_1_324' title='bbox 1026 4166 1146 4222; x_wconf 74' lang='lat' dir='ltr'>lanistae</span> <span class='ocrx_word' id='word_1_325' title='bbox 1164 4183 1200 4222; x_wconf 83' lang='lat' dir='ltr'>an</span> <span class='ocrx_word' id='word_1_326' title='bbox 1217 4167 1381 4222; x_wconf 85' lang='lat' dir='ltr'>libidinibus</span> <span class='ocrx_word' id='word_1_327' title='bbox 1398 4181 1496 4234; x_wconf 89' lang='lat' dir='ltr'>corpus</span> 
     </span>
     <span class='ocr_line' id='line_1_40' title="bbox 305 4233 1496 4310; baseline -0.003 -19"><span class='ocrx_word' id='word_1_328' title='bbox 305 4235 355 4303; x_wconf 84' lang='lat' dir='ltr'>iit,</span> <span class='ocrx_word' id='word_1_329' title='bbox 382 4242 417 4291; x_wconf 89' lang='lat' dir='ltr'>ut</span> <span class='ocrx_word' id='word_1_330' title='bbox 443 4235 526 4291; x_wconf 84' lang='lat' dir='ltr'>etiam</span> <span class='ocrx_word' id='word_1_331' title='bbox 549 4239 759 4294; x_wconf 67' lang='lat' dir='ltr'>attilanum</span> <span class='ocrx_word' id='word_1_332' title='bbox 776 4252 880 4292; x_wconf 86' lang='lat' dir='ltr'>nomen</span> <span class='ocrx_word' id='word_1_333' title='bbox 929 4241 957 4294; x_wconf 90' lang='lat' dir='ltr'>et</span> <span class='ocrx_word' id='word_1_334' title='bbox 974 4238 1095 4292; x_wconf 84' lang='lat' dir='ltr'>animum</span> <span class='ocrx_word' id='word_1_335' title='bbox 1114 4237 1150 4293; x_wconf 85' lang='lat' dir='ltr'>ad</span> <span class='ocrx_word' id='word_1_336' title='bbox 1168 4237 1276 4310; x_wconf 78' lang='lat' dir='ltr'>flagitia</span> <span class='ocrx_word' id='word_1_337' title='bbox 1293 4235 1430 4293; x_wconf 79' lang='lat' dir='ltr'>dederis«</span> <span class='ocrx_word' id='word_1_338' title='bbox 1458 4233 1496 4288; x_wconf 83' lang='lat' dir='ltr'>De</span> 
     </span>
     <span class='ocr_line' id='line_1_41' title="bbox 305 4303 1496 4378; baseline -0.005 -15"><span class='ocrx_word' id='word_1_339' title='bbox 305 4325 363 4363; x_wconf 91' lang='lat' dir='ltr'>non</span> <span class='ocrx_word' id='word_1_340' title='bbox 377 4307 539 4376; x_wconf 78' lang='lat' dir='ltr'>intelligant</span> <span class='ocrx_word' id='word_1_341' title='bbox 556 4307 591 4362; x_wconf 86' lang='lat' dir='ltr'>do</span> <span class='ocrx_word' id='word_1_342' title='bbox 605 4325 686 4364; x_wconf 81' lang='lat' dir='ltr'>servo</span> <span class='ocrx_word' id='word_1_343' title='bbox 697 4307 816 4378; x_wconf 83' lang='lat' dir='ltr'>Horatii,</span> <span class='ocrx_word' id='word_1_344' title='bbox 829 4310 879 4364; x_wconf 86' lang='lat' dir='ltr'>sed</span> <span class='ocrx_word' id='word_1_345' title='bbox 928 4309 1021 4364; x_wconf 84' lang='lat' dir='ltr'>verbis</span> <span class='ocrx_word' id='word_1_346' title='bbox 1040 4307 1130 4364; x_wconf 74' lang='lat' dir='ltr'>Acro:</span> <span class='ocrx_word' id='word_1_347' title='bbox 1158 4307 1227 4376; x_wconf 81' lang='lat' dir='ltr'>»Qui</span> <span class='ocrx_word' id='word_1_348' title='bbox 1244 4327 1274 4364; x_wconf 90' lang='lat' dir='ltr'>se</span> <span class='ocrx_word' id='word_1_349' title='bbox 1289 4308 1416 4364; x_wconf 86' lang='lat' dir='ltr'>vendunt</span> <span class='ocrx_word' id='word_1_350' title='bbox 1432 4303 1496 4360; x_wconf 88' lang='lat' dir='ltr'>ludo</span> 
     </span>
     <span class='ocr_line' id='line_1_42' title="bbox 305 4377 1495 4452; baseline -0.005 -18"><span class='ocrx_word' id='word_1_351' title='bbox 305 4380 430 4452; x_wconf 89' lang='lat' dir='ltr'>positum</span> <span class='ocrx_word' id='word_1_352' title='bbox 446 4381 549 4449; x_wconf 87' lang='lat' dir='ltr'>putent</span> <span class='ocrx_word' id='word_1_353' title='bbox 560 4380 671 4434; x_wconf 87' lang='lat' dir='ltr'>omnino</span> <span class='ocrx_word' id='word_1_354' title='bbox 688 4397 740 4450; x_wconf 89' lang='lat' dir='ltr'>pro</span> <span class='ocrx_word' id='word_1_355' title='bbox 755 4379 878 4452; x_wconf 85' lang='lat' dir='ltr'>appella·</span> <span class='ocrx_word' id='word_1_356' title='bbox 927 4381 1067 4435; x_wconf 75' lang='lat' dir='ltr'>auctorati</span> <span class='ocrx_word' id='word_1_357' title='bbox 1083 4379 1230 4450; x_wconf 89' lang='lat' dir='ltr'>dicuntur;</span> <span class='ocrx_word' id='word_1_358' title='bbox 1249 4379 1406 4436; x_wconf 79' lang='lat' dir='ltr'>auctor-otio</span> <span class='ocrx_word' id='word_1_359' title='bbox 1427 4377 1495 4432; x_wconf 85' lang='lat' dir='ltr'>enim</span> 
     </span>
     <span class='ocr_line' id='line_1_43' title="bbox 295 4447 1495 4522; baseline -0.005 -16"><span class='ocrx_word' id='word_1_360' title='bbox 295 4452 365 4506; x_wconf 79' lang='lat' dir='ltr'>&#39;tiro</span> <span class='ocrx_word' id='word_1_361' title='bbox 376 4457 456 4505; x_wconf 75' lang='lat' dir='ltr'>strat.</span> <span class='ocrx_word' id='word_1_362' title='bbox 477 4449 554 4518; x_wconf 80' lang='lat' dir='ltr'>Quae</span> <span class='ocrx_word' id='word_1_363' title='bbox 571 4451 645 4506; x_wconf 89' lang='lat' dir='ltr'>ratio</span> <span class='ocrx_word' id='word_1_364' title='bbox 663 4469 746 4520; x_wconf 85' lang='lat' dir='ltr'>quam</span> <span class='ocrx_word' id='word_1_365' title='bbox 765 4467 821 4506; x_wconf 90' lang='lat' dir='ltr'>non</span> <span class='ocrx_word' id='word_1_366' title='bbox 841 4451 879 4506; x_wconf 87' lang='lat' dir='ltr'>sit</span> <span class='ocrx_word' id='word_1_367' title='bbox 929 4450 1034 4506; x_wconf 85' lang='lat' dir='ltr'>dicitur</span> <span class='ocrx_word' id='word_1_368' title='bbox 1041 4451 1166 4507; x_wconf 79' lang='lat' dir='ltr'>venditio</span> <span class='ocrx_word' id='word_1_369' title='bbox 1179 4449 1391 4522; x_wconf 77' lang='lat' dir='ltr'>gladiatorum«</span> <span class='ocrx_word' id='word_1_370' title='bbox 1403 4447 1495 4503; x_wconf 84' lang='lat' dir='ltr'>Senec.</span> 
     </span>
     <span class='ocr_line' id='line_1_44' title="bbox 305 4519 1492 4594; baseline 0 -20"><span class='ocrx_word' id='word_1_371' title='bbox 305 4519 460 4592; x_wconf 87' lang='lat' dir='ltr'>probabilis</span> <span class='ocrx_word' id='word_1_372' title='bbox 479 4537 617 4592; x_wconf 85' lang='lat' dir='ltr'>quamque</span> <span class='ocrx_word' id='word_1_373' title='bbox 632 4523 781 4578; x_wconf 84' lang='lat' dir='ltr'>conturbet</span> <span class='ocrx_word' id='word_1_374' title='bbox 792 4522 878 4578; x_wconf 87' lang='lat' dir='ltr'>dialo·</span> <span class='ocrx_word' id='word_1_375' title='bbox 928 4521 1018 4592; x_wconf 83' lang='lat' dir='ltr'>Epist.</span> <span class='ocrx_word' id='word_1_376' title='bbox 1031 4525 1078 4578; x_wconf 75' lang='lat' dir='ltr'>st:</span> <span class='ocrx_word' id='word_1_377' title='bbox 1101 4521 1194 4576; x_wconf 82' lang='lat' dir='ltr'>»lilius</span> <span class='ocrx_word' id='word_1_378' title='bbox 1205 4523 1360 4594; x_wconf 86' lang='lat' dir='ltr'>turpissimi</span> <span class='ocrx_word' id='word_1_379' title='bbox 1370 4524 1492 4576; x_wconf 87' lang='lat' dir='ltr'>auctora·</span> 
     </span>
     <span class='ocr_line' id='line_1_45' title="bbox 306 4591 1495 4664; baseline 0 -20"><span class='ocrx_word' id='word_1_380' title='bbox 306 4608 373 4662; x_wconf 85' lang='lat' dir='ltr'>gum</span> <span class='ocrx_word' id='word_1_381' title='bbox 391 4591 500 4660; x_wconf 79' lang='lat' dir='ltr'>satirae,</span> <span class='ocrx_word' id='word_1_382' title='bbox 519 4593 549 4647; x_wconf 90' lang='lat' dir='ltr'>in</span> <span class='ocrx_word' id='word_1_383' title='bbox 568 4594 703 4664; x_wconf 88' lang='lat' dir='ltr'>promptu</span> <span class='ocrx_word' id='word_1_384' title='bbox 718 4597 769 4649; x_wconf 80' lang='lat' dir='ltr'>ast.</span> <span class='ocrx_word' id='word_1_385' title='bbox 858 4603 861 4611; x_wconf 90' lang='grc'><strong>’</strong></span> <span class='ocrx_word' id='word_1_386' title='bbox 928 4594 1016 4648; x_wconf 87' lang='lat' dir='ltr'>menti</span> <span class='ocrx_word' id='word_1_387' title='bbox 1034 4593 1121 4650; x_wconf 84' lang='lat' dir='ltr'>verba</span> <span class='ocrx_word' id='word_1_388' title='bbox 1138 4597 1211 4660; x_wconf 86' lang='lat' dir='ltr'>sunt,</span> <span class='ocrx_word' id='word_1_389' title='bbox 1235 4593 1289 4661; x_wconf 82' lang='lat' dir='ltr'>uri,</span> <span class='ocrx_word' id='word_1_390' title='bbox 1308 4591 1416 4656; x_wconf 76' lang='lat' dir='ltr'>vinciri,</span> <span class='ocrx_word' id='word_1_391' title='bbox 1439 4605 1495 4647; x_wconf 77' lang='lat' dir='ltr'>var·</span> 
     </span>
    </p>
   </div>
   <div class='ocr_carea' id='block_1_4' title="bbox 0 0 1568 5225">
    <p class='ocr_par' dir='ltr' id='par_1_9' title="bbox 0 0 1568 5225">
     <span class='ocr_line' id='line_1_46' title="bbox 0 0 1568 5225; baseline 0 0"><span class='ocrx_word' id='word_1_392' title='bbox 0 0 1568 5225; x_wconf 95' lang='lat' dir='ltr'> </span> 
     </span>
    </p>
   </div>
  </div>
 </body>
</html>
