<?xml version="1.0" encoding="UTF-8"?>
<!DOCTYPE html PUBLIC "-//W3C//DTD XHTML 1.0 Transitional//EN"
    "http://www.w3.org/TR/xhtml1/DTD/xhtml1-transitional.dtd">
<html xmlns="http://www.w3.org/1999/xhtml" xml:lang="en" lang="en">
 <head>
  <title>
</title>
<meta http-equiv="Content-Type" content="text/html;charset=utf-8" />
  <meta name='ocr-system' content='tesseract 3.04.00' />
  <meta name='ocr-capabilities' content='ocr_page ocr_carea ocr_par ocr_line ocrx_word'/>
</head>
<body>
  <div class='ocr_page' id='page_1' title='image "./qhoratiiflaccio01dillgoog/qhoratiiflaccio01dillgoog_0295.png"; bbox 0 0 3125 5225; ppageno 0'>
   <div class='ocr_carea' id='block_1_1' title="bbox 481 204 933 315">
    <p class='ocr_par' dir='ltr' id='par_1_1' title="bbox 481 204 933 315">
     <span class='ocr_line' id='line_1_1' title="bbox 481 204 933 315; baseline 0 0"><span class='ocrx_word' id='word_1_1' title='bbox 481 247 569 315; x_wconf 80' lang='lat' dir='ltr'>nra.</span> <span class='ocrx_word' id='word_1_2' title='bbox 590 204 653 315; x_wconf 74' lang='lat' dir='ltr'>ri.</span> <span class='ocrx_word' id='word_1_3' title='bbox 676 246 815 315; x_wconf 74' lang='lat' dir='ltr'>onon.</span> <span class='ocrx_word' id='word_1_4' title='bbox 836 247 933 315; x_wconf 84' lang='lat' dir='ltr'>vm.</span> 
     </span>
    </p>
   </div>
   <div class='ocr_carea' id='block_1_2' title="bbox 263 433 1321 1418">
    <p class='ocr_par' dir='ltr' id='par_1_2' title="bbox 304 433 1116 663">
     <span class='ocr_line' id='line_1_2' title="bbox 305 433 1082 536; baseline -0.009 -21"><span class='ocrx_word' id='word_1_5' title='bbox 305 439 393 515; x_wconf 87' lang='lat' dir='ltr'>Non</span> <span class='ocrx_word' id='word_1_6' title='bbox 415 438 537 515; x_wconf 85' lang='lat' dir='ltr'>incisa</span> <span class='ocrx_word' id='word_1_7' title='bbox 560 436 661 513; x_wconf 85' lang='lat' dir='ltr'>notis</span> <span class='ocrx_word' id='word_1_8' title='bbox 685 462 880 513; x_wconf 85' lang='lat' dir='ltr'>marmora</span> <span class='ocrx_word' id='word_1_9' title='bbox 906 433 1082 536; x_wconf 89' lang='lat' dir='ltr'>publicis,</span> 
     </span>
     <span class='ocr_line' id='line_1_3' title="bbox 304 560 1116 663; baseline -0.006 -24"><span class='ocrx_word' id='word_1_10' title='bbox 304 564 380 641; x_wconf 91' lang='lat' dir='ltr'>Per</span> <span class='ocrx_word' id='word_1_11' title='bbox 405 590 505 663; x_wconf 90' lang='lat' dir='ltr'>quae</span> <span class='ocrx_word' id='word_1_12' title='bbox 530 562 686 662; x_wconf 85' lang='lat' dir='ltr'>spiritus</span> <span class='ocrx_word' id='word_1_13' title='bbox 713 573 751 637; x_wconf 88' lang='lat' dir='ltr'>et</span> <span class='ocrx_word' id='word_1_14' title='bbox 776 562 855 637; x_wconf 88' lang='lat' dir='ltr'>vita</span> <span class='ocrx_word' id='word_1_15' title='bbox 878 562 980 638; x_wconf 89' lang='lat' dir='ltr'>redit</span> <span class='ocrx_word' id='word_1_16' title='bbox 1004 560 1116 635; x_wconf 87' lang='lat' dir='ltr'>bonis</span> 
     </span>
    </p>

    <p class='ocr_par' dir='ltr' id='par_1_3' title="bbox 263 686 1321 1290">
     <span class='ocr_line' id='line_1_4' title="bbox 263 686 1205 785; baseline -0.004 -25"><span class='ocrx_word' id='word_1_17' title='bbox 263 718 288 759; x_wconf 69' lang='grc' dir='ltr'>ιι,</span> <span class='ocrx_word' id='word_1_18' title='bbox 305 689 397 764; x_wconf 84' lang='lat' dir='ltr'>Post</span> <span class='ocrx_word' id='word_1_19' title='bbox 421 702 585 765; x_wconf 85' lang='lat' dir='ltr'>mortem</span> <span class='ocrx_word' id='word_1_20' title='bbox 610 688 785 785; x_wconf 79' lang='lat' dir='ltr'>ducibus,</span> <span class='ocrx_word' id='word_1_21' title='bbox 812 714 891 764; x_wconf 91' lang='lat' dir='ltr'>uon</span> <span class='ocrx_word' id='word_1_22' title='bbox 918 686 1060 763; x_wconf 88' lang='lat' dir='ltr'>celeres</span> <span class='ocrx_word' id='word_1_23' title='bbox 1087 686 1205 780; x_wconf 85' lang='lat' dir='ltr'>fugae</span> 
     </span>
     <span class='ocr_line' id='line_1_5' title="bbox 304 809 1213 913; baseline -0.011 -24"><span class='ocrx_word' id='word_1_24' title='bbox 304 814 557 913; x_wconf 85' lang='lat' dir='ltr'>Reiectaeque</span> <span class='ocrx_word' id='word_1_25' title='bbox 582 824 793 887; x_wconf 85' lang='lat' dir='ltr'>retrorsum</span> <span class='ocrx_word' id='word_1_26' title='bbox 817 811 1048 887; x_wconf 77' lang='lat' dir='ltr'>Hannibalis</span> <span class='ocrx_word' id='word_1_27' title='bbox 1073 809 1213 902; x_wconf 86' lang='lat' dir='ltr'>minae,</span> 
     </span>
     <span class='ocr_line' id='line_1_6' title="bbox 305 915 1321 1034; baseline -0.006 -21"><span class='ocrx_word' id='word_1_28' title='bbox 305 936 394 1013; x_wconf 90' lang='lat' dir='ltr'>Non</span> <span class='ocrx_word' id='word_1_29' title='bbox 416 937 597 1013; x_wconf 86' lang='lat' dir='ltr'>incendia</span> <span class='ocrx_word' id='word_1_30' title='bbox 621 935 872 1034; x_wconf 78' lang='lat' dir='ltr'>Karthaginis</span> <span class='ocrx_word' id='word_1_31' title='bbox 898 936 1041 1033; x_wconf 82' lang='lat' dir='ltr'>impiae</span> <span class='ocrx_word' id='word_1_32' title='bbox 1315 915 1321 922; x_wconf 63' lang='lat'>„</span> 
     </span>
     <span class='ocr_line' id='line_1_7' title="bbox 304 1066 1076 1169; baseline -0.001 -24"><span class='ocrx_word' id='word_1_33' title='bbox 304 1070 408 1167; x_wconf 84' lang='lat' dir='ltr'>Eius,</span> <span class='ocrx_word' id='word_1_34' title='bbox 436 1070 502 1169; x_wconf 90' lang='lat' dir='ltr'>qui</span> <span class='ocrx_word' id='word_1_35' title='bbox 529 1069 675 1145; x_wconf 87' lang='lat' dir='ltr'>domita</span> <span class='ocrx_word' id='word_1_36' title='bbox 697 1094 838 1144; x_wconf 89' lang='lat' dir='ltr'>nomen</span> <span class='ocrx_word' id='word_1_37' title='bbox 865 1070 916 1144; x_wconf 88' lang='lat' dir='ltr'>ab</span> <span class='ocrx_word' id='word_1_38' title='bbox 940 1066 1076 1144; x_wconf 82' lang='lat' dir='ltr'>Africa</span> 
     </span>
     <span class='ocr_line' id='line_1_8' title="bbox 305 1192 1010 1290; baseline 0 -23"><span class='ocrx_word' id='word_1_39' title='bbox 305 1192 490 1269; x_wconf 88' lang='lat' dir='ltr'>Lucratus</span> <span class='ocrx_word' id='word_1_40' title='bbox 516 1194 641 1290; x_wconf 84' lang='lat' dir='ltr'>rediit,</span> <span class='ocrx_word' id='word_1_41' title='bbox 669 1194 809 1269; x_wconf 82' lang='lat' dir='ltr'>clarius</span> <span class='ocrx_word' id='word_1_42' title='bbox 834 1192 1010 1269; x_wconf 86' lang='lat' dir='ltr'>indicant</span> 
     </span>
    </p>

    <p class='ocr_par' dir='ltr' id='par_1_4' title="bbox 263 1316 1204 1418">
     <span class='ocr_line' id='line_1_9' title="bbox 263 1316 1204 1418; baseline 0 -32"><span class='ocrx_word' id='word_1_43' title='bbox 263 1346 291 1386; x_wconf 73' lang='lat' dir='ltr'>e</span> <span class='ocrx_word' id='word_1_44' title='bbox 307 1316 471 1415; x_wconf 83' lang='lat' dir='ltr'>Laudes,</span> <span class='ocrx_word' id='word_1_45' title='bbox 499 1344 614 1418; x_wconf 85' lang='lat' dir='ltr'>quam</span> <span class='ocrx_word' id='word_1_46' title='bbox 641 1318 830 1398; x_wconf 77' lang='lat' dir='ltr'>Calabrae</span> <span class='ocrx_word' id='word_1_47' title='bbox 850 1318 1039 1393; x_wconf 89' lang='lat' dir='ltr'>Pierides:</span> <span class='ocrx_word' id='word_1_48' title='bbox 1067 1336 1204 1413; x_wconf 88' lang='lat' dir='ltr'>neque,</span> 
     </span>
    </p>
   </div>
   <div class='ocr_carea' id='block_1_3' title="bbox 81 1507 1307 4658">
    <p class='ocr_par' dir='ltr' id='par_1_5' title="bbox 104 1507 1307 1796">
     <span class='ocr_line' id='line_1_10' title="bbox 106 1507 1307 1585; baseline -0.004 -21"><span class='ocrx_word' id='word_1_49' title='bbox 106 1540 138 1550; x_wconf 99' lang='lat'>-</span> <span class='ocrx_word' id='word_1_50' title='bbox 149 1510 270 1581; x_wconf 64' lang='lat' dir='ltr'>nnus]</span> <span class='ocrx_word' id='word_1_51' title='bbox 289 1512 422 1567; x_wconf 84' lang='lat' dir='ltr'>Dativum</span> <span class='ocrx_word' id='word_1_52' title='bbox 433 1512 558 1585; x_wconf 78' lang='lat' dir='ltr'>genitivo</span> <span class='ocrx_word' id='word_1_53' title='bbox 572 1513 684 1584; x_wconf 84' lang='lat' dir='ltr'>elegan-</span> <span class='ocrx_word' id='word_1_54' title='bbox 732 1510 1175 1582; x_wconf 70' lang='lat' dir='ltr'>calamitatem-Karthaginienses</span> <span class='ocrx_word' id='word_1_55' title='bbox 1190 1522 1248 1560; x_wconf 90' lang='lat' dir='ltr'>non</span> <span class='ocrx_word' id='word_1_56' title='bbox 1255 1507 1307 1559; x_wconf 89' lang='lat' dir='ltr'>mi·</span> 
     </span>
     <span class='ocr_line' id='line_1_11' title="bbox 105 1576 1307 1653; baseline -0.004 -17"><span class='ocrx_word' id='word_1_57' title='bbox 105 1582 209 1636; x_wconf 71' lang='lat' dir='ltr'>liorem</span> <span class='ocrx_word' id='word_1_58' title='bbox 226 1586 346 1637; x_wconf 82' lang='lat' dir='ltr'>tuentur</span> <span class='ocrx_word' id='word_1_59' title='bbox 359 1584 546 1653; x_wconf 81' lang='lat' dir='ltr'>antiquissimi</span> <span class='ocrx_word' id='word_1_60' title='bbox 556 1586 682 1653; x_wconf 85' lang='lat' dir='ltr'>codices;</span> <span class='ocrx_word' id='word_1_61' title='bbox 733 1600 786 1639; x_wconf 88' lang='lat' dir='ltr'>nus</span> <span class='ocrx_word' id='word_1_62' title='bbox 815 1598 901 1653; x_wconf 78' lang='lat' dir='ltr'>aegre</span> <span class='ocrx_word' id='word_1_63' title='bbox 929 1583 1064 1646; x_wconf 86' lang='lat' dir='ltr'>tulerunt,</span> <span class='ocrx_word' id='word_1_64' title='bbox 1092 1578 1222 1649; x_wconf 84' lang='lat' dir='ltr'>quamsi</span> <span class='ocrx_word' id='word_1_65' title='bbox 1245 1576 1307 1647; x_wconf 88' lang='lat' dir='ltr'>ipsa</span> 
     </span>
     <span class='ocr_line' id='line_1_12' title="bbox 104 1647 1305 1725; baseline -0.007 -17"><span class='ocrx_word' id='word_1_66' title='bbox 104 1652 348 1709; x_wconf 83' lang='lat' dir='ltr'>dicendirerbum</span> <span class='ocrx_word' id='word_1_67' title='bbox 360 1654 519 1725; x_wconf 77' lang='lat' dir='ltr'>graviorem</span> <span class='ocrx_word' id='word_1_68' title='bbox 532 1655 682 1723; x_wconf 83' lang='lat' dir='ltr'>statuendi,</span> <span class='ocrx_word' id='word_1_69' title='bbox 733 1656 802 1709; x_wconf 88' lang='lat' dir='ltr'>urbs</span> <span class='ocrx_word' id='word_1_70' title='bbox 821 1658 896 1709; x_wconf 88' lang='lat' dir='ltr'>esset</span> <span class='ocrx_word' id='word_1_71' title='bbox 914 1654 1016 1708; x_wconf 81' lang='lat' dir='ltr'>deleta.</span> <span class='ocrx_word' id='word_1_72' title='bbox 1053 1647 1305 1711; x_wconf 67' lang='lat' dir='ltr'>cibiaffitii.</span> 
     </span>
     <span class='ocr_line' id='line_1_13' title="bbox 178 1724 1306 1796; baseline -0.005 -17"><span class='ocrx_word' id='word_1_73' title='bbox 178 1724 231 1779; x_wconf 90' lang='lat' dir='ltr'>ndi</span> <span class='ocrx_word' id='word_1_74' title='bbox 250 1726 396 1781; x_wconf 87' lang='lat' dir='ltr'>notionem</span> <span class='ocrx_word' id='word_1_75' title='bbox 416 1728 534 1796; x_wconf 81' lang='lat' dir='ltr'>accepit.</span> <span class='ocrx_word' id='word_1_76' title='bbox 572 1726 607 1781; x_wconf 86' lang='lat' dir='ltr'>cf.</span> <span class='ocrx_word' id='word_1_77' title='bbox 624 1726 682 1781; x_wconf 84' lang='lat' dir='ltr'>Sat.</span> <span class='ocrx_word' id='word_1_78' title='bbox 733 1724 867 1779; x_wconf 79' lang='lat' dir='ltr'>Attamen</span> <span class='ocrx_word' id='word_1_79' title='bbox 883 1725 959 1779; x_wconf 87' lang='lat' dir='ltr'>inter</span> <span class='ocrx_word' id='word_1_80' title='bbox 973 1724 1115 1779; x_wconf 81' lang='lat' dir='ltr'>Romanoa</span> <span class='ocrx_word' id='word_1_81' title='bbox 1128 1725 1206 1777; x_wconf 84' lang='lat' dir='ltr'>certe</span> <span class='ocrx_word' id='word_1_82' title='bbox 1224 1736 1306 1773; x_wconf 87' lang='lat' dir='ltr'>nemo</span> 
     </span>
    </p>

    <p class='ocr_par' dir='ltr' id='par_1_6' title="bbox 81 1795 1306 4658">
     <span class='ocr_line' id='line_1_14' title="bbox 131 1795 1306 1866; baseline -0.007 -15"><span class='ocrx_word' id='word_1_83' title='bbox 131 1800 188 1863; x_wconf 81' lang='lat'>,³,</span> <span class='ocrx_word' id='word_1_84' title='bbox 206 1798 252 1849; x_wconf 78' lang='lat'>2³.</span> <span class='ocrx_word' id='word_1_85' title='bbox 291 1796 351 1850; x_wconf 94' lang='lat' dir='ltr'>loci</span> <span class='ocrx_word' id='word_1_86' title='bbox 368 1802 461 1853; x_wconf 64' lang='lat' dir='ltr'>summ</span> <span class='ocrx_word' id='word_1_87' title='bbox 479 1796 549 1851; x_wconf 90' lang='lat' dir='ltr'>nibil</span> <span class='ocrx_word' id='word_1_88' title='bbox 566 1798 596 1851; x_wconf 89' lang='lat' dir='ltr'>in</span> <span class='ocrx_word' id='word_1_89' title='bbox 616 1798 643 1851; x_wconf 75' lang='lat' dir='ltr'>lu</span> <span class='ocrx_word' id='word_1_90' title='bbox 662 1797 682 1853; x_wconf 93' lang='lat' dir='ltr'>l.</span> <span class='ocrx_word' id='word_1_91' title='bbox 732 1796 795 1861; x_wconf 83' lang='lat' dir='ltr'>fuit,</span> <span class='ocrx_word' id='word_1_92' title='bbox 821 1795 871 1866; x_wconf 88' lang='lat' dir='ltr'>qui</span> <span class='ocrx_word' id='word_1_93' title='bbox 897 1799 1022 1851; x_wconf 59' lang='lat' dir='ltr'>mendic</span> <span class='ocrx_word' id='word_1_94' title='bbox 1046 1797 1226 1863; x_wconf 72' lang='lat' dir='ltr'>Kassiopisis</span> <span class='ocrx_word' id='word_1_95' title='bbox 1248 1804 1306 1844; x_wconf 85' lang='lat' dir='ltr'>nen</span> 
     </span>
     <span class='ocr_line' id='line_1_15' title="bbox 103 1860 1306 1939; baseline -0.006 -18"><span class='ocrx_word' id='word_1_96' title='bbox 103 1868 193 1935; x_wconf 88' lang='lat' dir='ltr'>inest;</span> <span class='ocrx_word' id='word_1_97' title='bbox 212 1882 250 1921; x_wconf 85' lang='lat' dir='ltr'>an</span> <span class='ocrx_word' id='word_1_98' title='bbox 269 1872 301 1921; x_wconf 82' lang='lat' dir='ltr'>tu</span> <span class='ocrx_word' id='word_1_99' title='bbox 318 1872 409 1937; x_wconf 85' lang='lat' dir='ltr'>putas,</span> <span class='ocrx_word' id='word_1_100' title='bbox 423 1868 571 1923; x_wconf 86' lang='lat' dir='ltr'>Horatium</span> <span class='ocrx_word' id='word_1_101' title='bbox 590 1869 683 1939; x_wconf 89' lang='lat' dir='ltr'>ipsum</span> <span class='ocrx_word' id='word_1_102' title='bbox 733 1866 855 1923; x_wconf 78' lang='lat' dir='ltr'>referret</span> <span class='ocrx_word' id='word_1_103' title='bbox 863 1866 899 1920; x_wconf 86' lang='lat' dir='ltr'>ad</span> <span class='ocrx_word' id='word_1_104' title='bbox 908 1866 1043 1921; x_wconf 87' lang='lat' dir='ltr'>minorem</span> <span class='ocrx_word' id='word_1_105' title='bbox 1051 1865 1217 1934; x_wconf 87' lang='lat' dir='ltr'>Scipionem.</span> <span class='ocrx_word' id='word_1_106' title='bbox 1235 1860 1306 1915; x_wconf 82' lang='lat' dir='ltr'>Fue-</span> 
     </span>
     <span class='ocr_line' id='line_1_16' title="bbox 104 1932 1305 2009; baseline -0.004 -18"><span class='ocrx_word' id='word_1_107' title='bbox 104 1938 226 1993; x_wconf 79' lang='lat' dir='ltr'>ioesndo</span> <span class='ocrx_word' id='word_1_108' title='bbox 254 1938 383 2007; x_wconf 83' lang='lat' dir='ltr'>potuisse</span> <span class='ocrx_word' id='word_1_109' title='bbox 406 1939 564 2009; x_wconf 75' lang='lat' dir='ltr'>deprimere</span> <span class='ocrx_word' id='word_1_110' title='bbox 583 1939 684 1997; x_wconf 85' lang='lat' dir='ltr'>earmi-</span> <span class='ocrx_word' id='word_1_111' title='bbox 733 1942 921 2004; x_wconf 76' lang='lat' dir='ltr'>ructantem,</span> <span class='ocrx_word' id='word_1_112' title='bbox 940 1938 988 2007; x_wconf 89' lang='lat' dir='ltr'>qui</span> <span class='ocrx_word' id='word_1_113' title='bbox 997 1954 1040 1993; x_wconf 84' lang='lat' dir='ltr'>rr.</span> <span class='ocrx_word' id='word_1_114' title='bbox 1054 1940 1086 1992; x_wconf 82' lang='lat'>15</span> <span class='ocrx_word' id='word_1_115' title='bbox 1096 1952 1156 2005; x_wconf 85' lang='lat' dir='ltr'>sqq.</span> <span class='ocrx_word' id='word_1_116' title='bbox 1168 1933 1205 1988; x_wconf 90' lang='lat' dir='ltr'>de</span> <span class='ocrx_word' id='word_1_117' title='bbox 1213 1932 1305 2002; x_wconf 88' lang='lat' dir='ltr'>pictu-</span> 
     </span>
     <span class='ocr_line' id='line_1_17' title="bbox 106 2006 1306 2081; baseline -0.006 -18"><span class='ocrx_word' id='word_1_118' title='bbox 106 2027 175 2063; x_wconf 87' lang='lat' dir='ltr'>nnm</span> <span class='ocrx_word' id='word_1_119' title='bbox 201 2010 326 2077; x_wconf 85' lang='lat' dir='ltr'>pretium</span> <span class='ocrx_word' id='word_1_120' title='bbox 352 2014 382 2064; x_wconf 87' lang='lat' dir='ltr'>et</span> <span class='ocrx_word' id='word_1_121' title='bbox 398 2010 573 2080; x_wconf 80' lang='lat' dir='ltr'>dignitatem,</span> <span class='ocrx_word' id='word_1_122' title='bbox 600 2028 681 2081; x_wconf 88' lang='lat' dir='ltr'>quam</span> <span class='ocrx_word' id='word_1_123' title='bbox 733 2010 772 2064; x_wconf 87' lang='lat' dir='ltr'>ris</span> <span class='ocrx_word' id='word_1_124' title='bbox 791 2010 902 2079; x_wconf 88' lang='lat' dir='ltr'>publice</span> <span class='ocrx_word' id='word_1_125' title='bbox 914 2008 1019 2063; x_wconf 71' lang='lat' dir='ltr'>Romw</span> <span class='ocrx_word' id='word_1_126' title='bbox 1029 2006 1306 2079; x_wconf 79' lang='lat' dir='ltr'>propositismcgno·</span> 
     </span>
     <span class='ocr_line' id='line_1_18' title="bbox 108 2076 1306 2150; baseline -0.005 -17"><span class='ocrx_word' id='word_1_127' title='bbox 108 2096 175 2134; x_wconf 78' lang='lat' dir='ltr'>rere</span> <span class='ocrx_word' id='word_1_128' title='bbox 186 2097 221 2135; x_wconf 83' lang='lat' dir='ltr'>sc</span> <span class='ocrx_word' id='word_1_129' title='bbox 233 2079 343 2134; x_wconf 89' lang='lat' dir='ltr'>sincere</span> <span class='ocrx_word' id='word_1_130' title='bbox 355 2081 451 2135; x_wconf 82' lang='lat' dir='ltr'>statim</span> <span class='ocrx_word' id='word_1_131' title='bbox 461 2081 607 2136; x_wconf 73' lang='lat' dir='ltr'>additurus</span> <span class='ocrx_word' id='word_1_132' title='bbox 617 2082 683 2136; x_wconf 80' lang='lat' dir='ltr'>est?</span> <span class='ocrx_word' id='word_1_133' title='bbox 731 2096 850 2150; x_wconf 88' lang='lat' dir='ltr'>rumque</span> <span class='ocrx_word' id='word_1_134' title='bbox 867 2080 970 2135; x_wconf 85' lang='lat' dir='ltr'>ducum</span> <span class='ocrx_word' id='word_1_135' title='bbox 985 2096 1031 2134; x_wconf 84' lang='lat' dir='ltr'>res</span> <span class='ocrx_word' id='word_1_136' title='bbox 1048 2084 1143 2150; x_wconf 82' lang='lat' dir='ltr'>gestas</span> <span class='ocrx_word' id='word_1_137' title='bbox 1160 2076 1306 2129; x_wconf 86' lang='lat' dir='ltr'>illustran-</span> 
     </span>
     <span class='ocr_line' id='line_1_19' title="bbox 104 2144 1304 2223; baseline -0.006 -18"><span class='ocrx_word' id='word_1_138' title='bbox 104 2150 283 2221; x_wconf 70' lang='lat' dir='ltr'>lngeniomus</span> <span class='ocrx_word' id='word_1_139' title='bbox 302 2168 385 2221; x_wconf 84' lang='lat' dir='ltr'>quam</span> <span class='ocrx_word' id='word_1_140' title='bbox 395 2152 488 2207; x_wconf 82' lang='lat' dir='ltr'>verius</span> <span class='ocrx_word' id='word_1_141' title='bbox 498 2170 590 2223; x_wconf 89' lang='lat' dir='ltr'>nuper</span> <span class='ocrx_word' id='word_1_142' title='bbox 599 2152 682 2207; x_wconf 83' lang='lat' dir='ltr'>Ferd</span> <span class='ocrx_word' id='word_1_143' title='bbox 732 2152 809 2206; x_wconf 87' lang='lat' dir='ltr'>tibus</span> <span class='ocrx_word' id='word_1_144' title='bbox 827 2153 1097 2221; x_wconf 85' lang='lat' dir='ltr'>interpretarentnr;</span> <span class='ocrx_word' id='word_1_145' title='bbox 1124 2145 1252 2201; x_wconf 75' lang='lat' dir='ltr'>Plinii</span> <span class='ocrx_word' id='word_1_146' title='bbox 1269 2144 1304 2199; x_wconf 81' lang='lat' dir='ltr'>N.</span> 
     </span>
     <span class='ocr_line' id='line_1_20' title="bbox 106 2216 1303 2291; baseline -0.006 -14"><span class='ocrx_word' id='word_1_147' title='bbox 106 2222 265 2277; x_wconf 81' lang='lat' dir='ltr'>Schultsins</span> <span class='ocrx_word' id='word_1_148' title='bbox 282 2222 313 2275; x_wconf 91' lang='lat' dir='ltr'>in</span> <span class='ocrx_word' id='word_1_149' title='bbox 330 2221 385 2279; x_wconf 90' lang='lat' dir='ltr'>hoc</span> <span class='ocrx_word' id='word_1_150' title='bbox 401 2239 486 2280; x_wconf 82' lang='lat' dir='ltr'>versu</span> <span class='ocrx_word' id='word_1_151' title='bbox 502 2224 573 2279; x_wconf 84' lang='lat' dir='ltr'>banc</span> <span class='ocrx_word' id='word_1_152' title='bbox 593 2224 684 2279; x_wconf 81' lang='lat' dir='ltr'>inesse</span> <span class='ocrx_word' id='word_1_153' title='bbox 732 2222 843 2291; x_wconf 82' lang='lat' dir='ltr'>XXXV,</span> <span class='ocrx_word' id='word_1_154' title='bbox 855 2226 872 2277; x_wconf 87' lang='lat'><strong>7</strong></span> <span class='ocrx_word' id='word_1_155' title='bbox 880 2242 887 2277; x_wconf 74' lang='grc' dir='ltr'><strong><em>ι</em></strong></span> <span class='ocrx_word' id='word_1_156' title='bbox 910 2222 973 2279; x_wconf 65' lang='lat' dir='ltr'>»Mt</span> <span class='ocrx_word' id='word_1_157' title='bbox 991 2221 1121 2277; x_wconf 86' lang='lat' dir='ltr'>Valerius</span> <span class='ocrx_word' id='word_1_158' title='bbox 1138 2219 1214 2273; x_wconf 69' lang='lat' dir='ltr'>Man</span> <span class='ocrx_word' id='word_1_159' title='bbox 1231 2216 1303 2271; x_wconf 82' lang='lat' dir='ltr'>Mes-</span> 
     </span>
     <span class='ocr_line' id='line_1_21' title="bbox 105 2290 1305 2365; baseline -0.005 -18"><span class='ocrx_word' id='word_1_160' title='bbox 105 2292 196 2347; x_wconf 83' lang='lat' dir='ltr'>voluit</span> <span class='ocrx_word' id='word_1_161' title='bbox 211 2290 395 2352; x_wconf 81' lang='lat' dir='ltr'>sententiam:</span> <span class='ocrx_word' id='word_1_162' title='bbox 416 2312 481 2351; x_wconf 86' lang='lat' dir='ltr'>aera</span> <span class='ocrx_word' id='word_1_163' title='bbox 495 2294 549 2350; x_wconf 88' lang='lat' dir='ltr'>tibi</span> <span class='ocrx_word' id='word_1_164' title='bbox 558 2294 683 2365; x_wconf 84' lang='lat' dir='ltr'>pretiosa</span> <span class='ocrx_word' id='word_1_165' title='bbox 732 2292 793 2349; x_wconf 82' lang='lat' dir='ltr'>sala</span> <span class='ocrx_word' id='word_1_166' title='bbox 807 2295 940 2364; x_wconf 81' lang='lat' dir='ltr'>princepe</span> <span class='ocrx_word' id='word_1_167' title='bbox 951 2292 1050 2348; x_wconf 86' lang='lat' dir='ltr'>tabula</span> <span class='ocrx_word' id='word_1_168' title='bbox 1069 2292 1209 2362; x_wconf 89' lang='lat' dir='ltr'>picturam</span> <span class='ocrx_word' id='word_1_169' title='bbox 1224 2304 1305 2359; x_wconf 90' lang='lat' dir='ltr'>proe-</span> 
     </span>
     <span class='ocr_line' id='line_1_22' title="bbox 105 2360 1305 2447; baseline -0.006 -28"><span class='ocrx_word' id='word_1_170' title='bbox 105 2363 174 2419; x_wconf 86' lang='lat' dir='ltr'>dare</span> <span class='ocrx_word' id='word_1_171' title='bbox 193 2381 253 2417; x_wconf 91' lang='lat' dir='ltr'>non</span> <span class='ocrx_word' id='word_1_172' title='bbox 262 2381 387 2433; x_wconf 84' lang='lat' dir='ltr'>possum,</span> <span class='ocrx_word' id='word_1_173' title='bbox 405 2362 455 2422; x_wconf 87' lang='lat' dir='ltr'>sed</span> <span class='ocrx_word' id='word_1_174' title='bbox 463 2368 613 2447; x_wconf 84' lang='lat' dir='ltr'>pretiosam</span> <span class='ocrx_word' id='word_1_175' title='bbox 623 2384 682 2423; x_wconf 85' lang='lat' dir='ltr'>rem</span> <span class='ocrx_word' id='word_1_176' title='bbox 732 2364 772 2430; x_wconf 91' lang='lat' dir='ltr'>lii,</span> <span class='ocrx_word' id='word_1_177' title='bbox 792 2383 847 2447; x_wconf 85' lang='lat' dir='ltr'>quo</span> <span class='ocrx_word' id='word_1_178' title='bbox 856 2362 1105 2435; x_wconf 71' lang='lat' dir='ltr'>Karthaginienses</span> <span class='ocrx_word' id='word_1_179' title='bbox 1117 2368 1146 2417; x_wconf 84' lang='lat' dir='ltr'>et</span> <span class='ocrx_word' id='word_1_180' title='bbox 1153 2360 1305 2415; x_wconf 85' lang='lat' dir='ltr'>Hieronem</span> 
     </span>
     <span class='ocr_line' id='line_1_23' title="bbox 104 2429 1306 2507; baseline -0.005 -19"><span class='ocrx_word' id='word_1_181' title='bbox 104 2438 193 2490; x_wconf 76' lang='lat' dir='ltr'>iissre</span> <span class='ocrx_word' id='word_1_182' title='bbox 211 2451 329 2505; x_wconf 87' lang='lat' dir='ltr'>possum</span> <span class='ocrx_word' id='word_1_183' title='bbox 345 2436 363 2491; x_wconf 93' lang='lat' dir='ltr'>i.</span> <span class='ocrx_word' id='word_1_184' title='bbox 371 2442 559 2507; x_wconf 59' lang='lat' dir='ltr'>opuntiorum</span> <span class='ocrx_word' id='word_1_185' title='bbox 569 2454 683 2493; x_wconf 89' lang='lat' dir='ltr'>carmen</span> <span class='ocrx_word' id='word_1_186' title='bbox 731 2436 761 2491; x_wconf 91' lang='lat' dir='ltr'>in</span> <span class='ocrx_word' id='word_1_187' title='bbox 782 2434 877 2491; x_wconf 79' lang='lat' dir='ltr'>Sicilia</span> <span class='ocrx_word' id='word_1_188' title='bbox 899 2436 1015 2503; x_wconf 81' lang='lat' dir='ltr'>vicerat,</span> <span class='ocrx_word' id='word_1_189' title='bbox 1038 2432 1187 2505; x_wconf 87' lang='lat' dir='ltr'>proposuit</span> <span class='ocrx_word' id='word_1_190' title='bbox 1211 2430 1241 2484; x_wconf 93' lang='lat' dir='ltr'>in</span> <span class='ocrx_word' id='word_1_191' title='bbox 1267 2429 1306 2483; x_wconf 85' lang='lat' dir='ltr'>la·</span> 
     </span>
     <span class='ocr_line' id='line_1_24' title="bbox 105 2500 1305 2579; baseline -0.004 -19"><span class='ocrx_word' id='word_1_192' title='bbox 105 2506 160 2561; x_wconf 83' lang='lat' dir='ltr'>tibi</span> <span class='ocrx_word' id='word_1_193' title='bbox 179 2522 285 2561; x_wconf 84' lang='lat' dir='ltr'>canere</span> <span class='ocrx_word' id='word_1_194' title='bbox 301 2524 426 2576; x_wconf 80' lang='lat' dir='ltr'>possum.</span> <span class='ocrx_word' id='word_1_195' title='bbox 469 2508 514 2565; x_wconf 79' lang='lat' dir='ltr'>Ita</span> <span class='ocrx_word' id='word_1_196' title='bbox 535 2512 621 2579; x_wconf 79' lang='lat' dir='ltr'>poeta</span> <span class='ocrx_word' id='word_1_197' title='bbox 638 2508 682 2565; x_wconf 87' lang='lat' dir='ltr'>bis</span> <span class='ocrx_word' id='word_1_198' title='bbox 731 2506 1050 2563; x_wconf 79' lang='lat' dir='ltr'>terecuriaeHostiliae</span> <span class='ocrx_word' id='word_1_199' title='bbox 1065 2507 1189 2561; x_wconf 80' lang='lat' dir='ltr'>a.u.c.4</span> <span class='ocrx_word' id='word_1_200' title='bbox 1226 2500 1305 2556; x_wconf 77' lang='lat' dir='ltr'>‚Fe-</span> 
     </span>
     <span class='ocr_line' id='line_1_25' title="bbox 105 2574 1302 2648; baseline -0.004 -16"><span class='ocrx_word' id='word_1_201' title='bbox 105 2576 180 2632; x_wconf 87' lang='lat' dir='ltr'>idem</span> <span class='ocrx_word' id='word_1_202' title='bbox 197 2576 316 2634; x_wconf 78' lang='lat' dir='ltr'>diberet.</span> <span class='ocrx_word' id='word_1_203' title='bbox 731 2578 771 2636; x_wconf 89' lang='lat' dir='ltr'>cit</span> <span class='ocrx_word' id='word_1_204' title='bbox 790 2578 845 2634; x_wconf 93' lang='lat' dir='ltr'>boc</span> <span class='ocrx_word' id='word_1_205' title='bbox 862 2578 937 2634; x_wconf 87' lang='lat' dir='ltr'>idem</span> <span class='ocrx_word' id='word_1_206' title='bbox 956 2583 986 2634; x_wconf 86' lang='lat' dir='ltr'>et</span> <span class='ocrx_word' id='word_1_207' title='bbox 1001 2577 1032 2632; x_wconf 75' lang='lat'>1..</span> <span class='ocrx_word' id='word_1_208' title='bbox 1048 2576 1141 2648; x_wconf 81' lang='lat' dir='ltr'>Scipio</span> <span class='ocrx_word' id='word_1_209' title='bbox 1165 2578 1196 2629; x_wconf 87' lang='lat' dir='ltr'>ta</span> <span class='ocrx_word' id='word_1_210' title='bbox 1216 2574 1302 2628; x_wconf 87' lang='lat' dir='ltr'>ulam·</span> 
     </span>
     <span class='ocr_line' id='line_1_26' title="bbox 138 2643 1301 2722; baseline -0.005 -16"><span class='ocrx_word' id='word_1_211' title='bbox 138 2648 229 2706; x_wconf 80' lang='lat' dir='ltr'>V.13.</span> <span class='ocrx_word' id='word_1_212' title='bbox 260 2648 335 2717; x_wconf 77' lang='lat' dir='ltr'>Quid</span> <span class='ocrx_word' id='word_1_213' title='bbox 352 2650 405 2705; x_wconf 92' lang='lat' dir='ltr'>boc</span> <span class='ocrx_word' id='word_1_214' title='bbox 423 2654 453 2705; x_wconf 88' lang='lat' dir='ltr'>et</span> <span class='ocrx_word' id='word_1_215' title='bbox 470 2651 682 2722; x_wconf 74' lang='lat' dir='ltr'>insequentibus</span> <span class='ocrx_word' id='word_1_216' title='bbox 732 2669 785 2721; x_wconf 87' lang='lat' dir='ltr'>que</span> <span class='ocrx_word' id='word_1_217' title='bbox 803 2650 939 2706; x_wconf 77' lang='lat' dir='ltr'>victoriae</span> <span class='ocrx_word' id='word_1_218' title='bbox 959 2667 1025 2704; x_wconf 89' lang='lat' dir='ltr'>suae</span> <span class='ocrx_word' id='word_1_219' title='bbox 1043 2649 1182 2704; x_wconf 78' lang='lat' dir='ltr'>Asiaticae</span> <span class='ocrx_word' id='word_1_220' title='bbox 1200 2645 1231 2700; x_wconf 90' lang='lat' dir='ltr'>in</span> <span class='ocrx_word' id='word_1_221' title='bbox 1251 2643 1301 2700; x_wconf 82' lang='lat' dir='ltr'>Cs-</span> 
     </span>
     <span class='ocr_line' id='line_1_27' title="bbox 104 2717 1300 2792; baseline -0.002 -20"><span class='ocrx_word' id='word_1_222' title='bbox 104 2721 233 2776; x_wconf 75' lang='lat' dir='ltr'>renibus</span> <span class='ocrx_word' id='word_1_223' title='bbox 251 2725 339 2790; x_wconf 84' lang='lat' dir='ltr'>poeta</span> <span class='ocrx_word' id='word_1_224' title='bbox 356 2722 451 2778; x_wconf 86' lang='lat' dir='ltr'>dicere</span> <span class='ocrx_word' id='word_1_225' title='bbox 468 2721 599 2788; x_wconf 78' lang='lat' dir='ltr'>voluerit,</span> <span class='ocrx_word' id='word_1_226' title='bbox 614 2723 682 2778; x_wconf 82' lang='lat' dir='ltr'>setis</span> <span class='ocrx_word' id='word_1_227' title='bbox 730 2721 831 2792; x_wconf 89' lang='lat' dir='ltr'>pitolio</span> <span class='ocrx_word' id='word_1_228' title='bbox 843 2721 973 2792; x_wconf 88' lang='lat' dir='ltr'>posuit..</span> <span class='ocrx_word' id='word_1_229' title='bbox 985 2720 1069 2776; x_wconf 81' lang='lat' dir='ltr'>.Luc</span> <span class='ocrx_word' id='word_1_230' title='bbox 1077 2719 1214 2775; x_wconf 84' lang='lat' dir='ltr'>Hostilius</span> <span class='ocrx_word' id='word_1_231' title='bbox 1223 2717 1300 2771; x_wconf 81' lang='lat' dir='ltr'>Man·</span> 
     </span>
     <span class='ocr_line' id='line_1_28' title="bbox 101 2788 1303 2865; baseline -0.003 -19"><span class='ocrx_word' id='word_1_232' title='bbox 101 2791 284 2847; x_wconf 78' lang='lat' dir='ltr'>manifestum</span> <span class='ocrx_word' id='word_1_233' title='bbox 302 2797 355 2858; x_wconf 82' lang='lat' dir='ltr'>est,</span> <span class='ocrx_word' id='word_1_234' title='bbox 373 2793 505 2848; x_wconf 87' lang='lat' dir='ltr'>nimirum</span> <span class='ocrx_word' id='word_1_235' title='bbox 513 2801 629 2865; x_wconf 72' lang='lat' dir='ltr'>pretinm</span> <span class='ocrx_word' id='word_1_236' title='bbox 643 2797 681 2848; x_wconf 82' lang='lat' dir='ltr'>ii·</span> <span class='ocrx_word' id='word_1_237' title='bbox 731 2791 819 2857; x_wconf 83' lang='lat' dir='ltr'>cinus,</span> <span class='ocrx_word' id='word_1_238' title='bbox 839 2792 888 2862; x_wconf 90' lang='lat' dir='ltr'>qui</span> <span class='ocrx_word' id='word_1_239' title='bbox 904 2793 1010 2862; x_wconf 89' lang='lat' dir='ltr'>primns</span> <span class='ocrx_word' id='word_1_240' title='bbox 1019 2791 1221 2861; x_wconf 72' lang='lat' dir='ltr'>Karthaginem</span> <span class='ocrx_word' id='word_1_241' title='bbox 1230 2788 1303 2842; x_wconf 82' lang='lat' dir='ltr'>irru-</span> 
     </span>
     <span class='ocr_line' id='line_1_29' title="bbox 101 2862 1304 2934; baseline -0.003 -17"><span class='ocrx_word' id='word_1_242' title='bbox 101 2885 161 2918; x_wconf 80' lang='lat' dir='ltr'>cers</span> <span class='ocrx_word' id='word_1_243' title='bbox 179 2867 299 2918; x_wconf 65' lang='lat' dir='ltr'>uisuri.</span> <span class='ocrx_word' id='word_1_244' title='bbox 339 2863 417 2920; x_wconf 84' lang='lat' dir='ltr'>»Non</span> <span class='ocrx_word' id='word_1_245' title='bbox 434 2869 623 2930; x_wconf 82' lang='lat' dir='ltr'>monumenta,</span> <span class='ocrx_word' id='word_1_246' title='bbox 640 2865 681 2920; x_wconf 91' lang='lat' dir='ltr'>in·</span> <span class='ocrx_word' id='word_1_247' title='bbox 730 2868 821 2934; x_wconf 86' lang='lat' dir='ltr'>perat,</span> <span class='ocrx_word' id='word_1_248' title='bbox 846 2863 931 2918; x_wconf 88' lang='lat' dir='ltr'>situm</span> <span class='ocrx_word' id='word_1_249' title='bbox 948 2862 1008 2918; x_wconf 90' lang='lat' dir='ltr'>eins</span> <span class='ocrx_word' id='word_1_250' title='bbox 1024 2880 1100 2934; x_wconf 91' lang='lat' dir='ltr'>oppu</span> <span class='ocrx_word' id='word_1_251' title='bbox 1157 2862 1304 2928; x_wconf 86' lang='lat' dir='ltr'>tionesque</span> 
     </span>
     <span class='ocr_line' id='line_1_30' title="bbox 101 2929 1302 3021; baseline -0.003 -33"><span class='ocrx_word' id='word_1_252' title='bbox 101 2934 177 3014; x_wconf 83' lang='lat' dir='ltr'>quit,</span> <span class='ocrx_word' id='word_1_253' title='bbox 207 2933 303 3016; x_wconf 81' lang='lat' dir='ltr'>tit-niis</span> <span class='ocrx_word' id='word_1_254' title='bbox 330 2935 442 3006; x_wconf 87' lang='lat' dir='ltr'>publice</span> <span class='ocrx_word' id='word_1_255' title='bbox 468 2935 619 3006; x_wconf 87' lang='lat' dir='ltr'>inscripta,</span> <span class='ocrx_word' id='word_1_256' title='bbox 645 2953 681 2990; x_wconf 91' lang='lat' dir='ltr'>ne</span> <span class='ocrx_word' id='word_1_257' title='bbox 731 2935 857 3021; x_wconf 70' lang='lat' dir='ltr'>depictas</span> <span class='ocrx_word' id='word_1_258' title='bbox 876 2933 1045 3015; x_wconf 78' lang='lat' dir='ltr'>(proposuit)</span> <span class='ocrx_word' id='word_1_259' title='bbox 1062 2935 1091 2987; x_wconf 89' lang='lat' dir='ltr'>in</span> <span class='ocrx_word' id='word_1_260' title='bbox 1123 2949 1198 3014; x_wconf 62' lang='lat' dir='ltr'>oros</span> <span class='ocrx_word' id='word_1_261' title='bbox 1219 2929 1302 2998; x_wconf 80' lang='lat' dir='ltr'>Quod</span> 
     </span>
     <span class='ocr_line' id='line_1_31' title="bbox 98 3003 1302 3148; baseline -0.003 -19"><span class='ocrx_word' id='word_1_262' title='bbox 98 3005 559 3148; x_wconf 54' lang='lat' dir='ltr'>imbibitffitiii</span> <span class='ocrx_word' id='word_1_263' title='bbox 582 3009 680 3148; x_wconf 58' lang='lat' dir='ltr'>liii</span> <span class='ocrx_word' id='word_1_264' title='bbox 730 3003 1302 3133; x_wconf 57' lang='lat' dir='ltr'>trigintlttttttriiba</span> 
     </span>
     <span class='ocr_line' id='line_1_32' title="bbox 97 3143 1303 3230; baseline -0.002 -32"><span class='ocrx_word' id='word_1_265' title='bbox 97 3153 153 3228; x_wconf 79' lang='lat' dir='ltr'>tuo</span> <span class='ocrx_word' id='word_1_266' title='bbox 165 3153 250 3228; x_wconf 80' lang='lat' dir='ltr'>motu</span> <span class='ocrx_word' id='word_1_267' title='bbox 269 3145 406 3230; x_wconf 87' lang='lat' dir='ltr'>quidquid</span> <span class='ocrx_word' id='word_1_268' title='bbox 423 3149 494 3202; x_wconf 91' lang='lat' dir='ltr'>bene</span> <span class='ocrx_word' id='word_1_269' title='bbox 513 3147 619 3203; x_wconf 82' lang='lat' dir='ltr'>fectum</span> <span class='ocrx_word' id='word_1_270' title='bbox 637 3153 680 3204; x_wconf 86' lang='lat' dir='ltr'>est</span> <span class='ocrx_word' id='word_1_271' title='bbox 749 3147 847 3218; x_wconf 87' lang='lat' dir='ltr'>roprii.</span> <span class='ocrx_word' id='word_1_272' title='bbox 865 3147 962 3216; x_wconf 88' lang='lat' dir='ltr'>ltaque</span> <span class='ocrx_word' id='word_1_273' title='bbox 980 3162 1038 3202; x_wconf 90' lang='lat' dir='ltr'>non</span> <span class='ocrx_word' id='word_1_274' title='bbox 1054 3144 1238 3200; x_wconf 68' lang='lat' dir='ltr'>assentieris</span> <span class='ocrx_word' id='word_1_275' title='bbox 1253 3143 1303 3213; x_wconf 88' lang='lat' dir='ltr'>qui</span> 
     </span>
     <span class='ocr_line' id='line_1_33' title="bbox 98 3166 1302 3288; baseline -0.002 -17"><span class='ocrx_word' id='word_1_276' title='bbox 98 3216 254 3272; x_wconf 78' lang='lat' dir='ltr'>oblivionis</span> <span class='ocrx_word' id='word_1_277' title='bbox 271 3217 392 3288; x_wconf 82' lang='lat' dir='ltr'>caligine</span> <span class='ocrx_word' id='word_1_278' title='bbox 409 3219 545 3288; x_wconf 85' lang='lat' dir='ltr'>paulatim</span> <span class='ocrx_word' id='word_1_279' title='bbox 565 3219 679 3274; x_wconf 91' lang='lat' dir='ltr'>obduci·</span> <span class='ocrx_word' id='word_1_280' title='bbox 729 3166 824 3274; x_wconf 70' lang='lat' dir='ltr'>ibium</span> <span class='ocrx_word' id='word_1_281' title='bbox 839 3221 1005 3288; x_wconf 85' lang='lat' dir='ltr'>corruptum</span> <span class='ocrx_word' id='word_1_282' title='bbox 1013 3222 1155 3287; x_wconf 85' lang='lat' dir='ltr'>putarunt.</span> <span class='ocrx_word' id='word_1_283' title='bbox 1174 3215 1302 3284; x_wconf 79' lang='lat' dir='ltr'>Quioon·</span> 
     </span>
     <span class='ocr_line' id='line_1_34' title="bbox 97 3283 1301 3355; baseline -0.002 -14"><span class='ocrx_word' id='word_1_284' title='bbox 97 3291 151 3342; x_wconf 86' lang='lat' dir='ltr'>tor.</span> <span class='ocrx_word' id='word_1_285' title='bbox 171 3287 270 3355; x_wconf 81' lang='lat' dir='ltr'>Quare</span> <span class='ocrx_word' id='word_1_286' title='bbox 290 3290 360 3343; x_wconf 87' lang='lat' dir='ltr'>nihil</span> <span class='ocrx_word' id='word_1_287' title='bbox 378 3289 414 3344; x_wconf 86' lang='lat' dir='ltr'>ad</span> <span class='ocrx_word' id='word_1_288' title='bbox 454 3291 678 3346; x_wconf 81' lang='lat' dir='ltr'>osteroscertins</span> <span class='ocrx_word' id='word_1_289' title='bbox 729 3289 847 3346; x_wconf 74' lang='lat' dir='ltr'>tranium</span> <span class='ocrx_word' id='word_1_290' title='bbox 866 3290 1003 3346; x_wconf 87' lang='lat' dir='ltr'>medelam</span> <span class='ocrx_word' id='word_1_291' title='bbox 1020 3288 1223 3355; x_wconf 84' lang='lat' dir='ltr'>adhibuerunt3</span> <span class='ocrx_word' id='word_1_292' title='bbox 1251 3283 1301 3339; x_wconf 87' lang='lat' dir='ltr'>alii</span> 
     </span>
     <span class='ocr_line' id='line_1_35' title="bbox 96 3357 1301 3432; baseline -0.002 -20"><span class='ocrx_word' id='word_1_293' title='bbox 96 3359 230 3428; x_wconf 79' lang='lat' dir='ltr'>persenit</span> <span class='ocrx_word' id='word_1_294' title='bbox 248 3359 421 3430; x_wconf 83' lang='lat' dir='ltr'>quamquod</span> <span class='ocrx_word' id='word_1_295' title='bbox 471 3357 679 3416; x_wconf 86' lang='lat' dir='ltr'>umfirmatum·</span> <span class='ocrx_word' id='word_1_296' title='bbox 730 3364 864 3432; x_wconf 85' lang='lat' dir='ltr'>quattuor</span> <span class='ocrx_word' id='word_1_297' title='bbox 873 3379 971 3415; x_wconf 81' lang='lat' dir='ltr'>versus</span> <span class='ocrx_word' id='word_1_298' title='bbox 984 3359 1134 3415; x_wconf 88' lang='lat' dir='ltr'>eiiciendos</span> <span class='ocrx_word' id='word_1_299' title='bbox 1153 3359 1210 3413; x_wconf 89' lang='lat' dir='ltr'>rati</span> <span class='ocrx_word' id='word_1_300' title='bbox 1226 3358 1301 3411; x_wconf 89' lang='lat' dir='ltr'>bunc</span> 
     </span>
     <span class='ocr_line' id='line_1_36' title="bbox 97 3431 1301 3500; baseline -0.001 -17"><span class='ocrx_word' id='word_1_301' title='bbox 97 3448 149 3498; x_wconf 87' lang='lat' dir='ltr'>qne</span> <span class='ocrx_word' id='word_1_302' title='bbox 168 3435 215 3484; x_wconf 83' lang='lat' dir='ltr'>cet</span> <span class='ocrx_word' id='word_1_303' title='bbox 236 3437 387 3499; x_wconf 84' lang='lat' dir='ltr'>poetarum</span> <span class='ocrx_word' id='word_1_304' title='bbox 404 3431 525 3486; x_wconf 86' lang='lat' dir='ltr'>aeternis</span> <span class='ocrx_word' id='word_1_305' title='bbox 550 3432 678 3486; x_wconf 83' lang='lat' dir='ltr'>carmini·</span> <span class='ocrx_word' id='word_1_306' title='bbox 729 3433 939 3490; x_wconf 82' lang='lat' dir='ltr'>constituerunt</span> <span class='ocrx_word' id='word_1_307' title='bbox 955 3449 1085 3487; x_wconf 84' lang='lat' dir='ltr'>versuum</span> <span class='ocrx_word' id='word_1_308' title='bbox 1104 3447 1219 3485; x_wconf 88' lang='lat' dir='ltr'>cursum</span> <span class='ocrx_word' id='word_1_309' title='bbox 1239 3439 1301 3500; x_wconf 79' lang='lat' dir='ltr'>post</span> 
     </span>
     <span class='ocr_line' id='line_1_37' title="bbox 96 3498 1303 3572; baseline -0.002 -18"><span class='ocrx_word' id='word_1_310' title='bbox 96 3501 175 3555; x_wconf 59' lang='lat' dir='ltr'>busa</span> <span class='ocrx_word' id='word_1_311' title='bbox 229 3501 289 3556; x_wconf 82' lang='lat' dir='ltr'>Sed</span> <span class='ocrx_word' id='word_1_312' title='bbox 320 3509 352 3558; x_wconf 80' lang='lat' dir='ltr'>ut</span> <span class='ocrx_word' id='word_1_313' title='bbox 376 3505 478 3572; x_wconf 67' lang='lat' dir='ltr'>poetae</span> <span class='ocrx_word' id='word_1_314' title='bbox 503 3501 602 3572; x_wconf 78' lang='lat' dir='ltr'>solent,</span> <span class='ocrx_word' id='word_1_315' title='bbox 630 3521 677 3556; x_wconf 86' lang='lat' dir='ltr'>ex·</span> <span class='ocrx_word' id='word_1_316' title='bbox 728 3515 839 3558; x_wconf 77' lang='lat' dir='ltr'>moriem</span> <span class='ocrx_word' id='word_1_317' title='bbox 858 3505 976 3567; x_wconf 77' lang='lat' dir='ltr'>ducibus,</span> <span class='ocrx_word' id='word_1_318' title='bbox 994 3503 1241 3558; x_wconf 74' lang='lat' dir='ltr'>ciariusieiicans.</span> <span class='ocrx_word' id='word_1_319' title='bbox 1262 3498 1303 3552; x_wconf 81' lang='lat' dir='ltr'>At</span> 
     </span>
     <span class='ocr_line' id='line_1_38' title="bbox 95 3570 1302 3646; baseline -0.002 -21"><span class='ocrx_word' id='word_1_320' title='bbox 95 3571 197 3642; x_wconf 79' lang='lat' dir='ltr'>cmplis</span> <span class='ocrx_word' id='word_1_321' title='bbox 215 3590 284 3628; x_wconf 86' lang='lat' dir='ltr'>usus</span> <span class='ocrx_word' id='word_1_322' title='bbox 305 3577 356 3628; x_wconf 84' lang='lat' dir='ltr'>cst.</span> <span class='ocrx_word' id='word_1_323' title='bbox 404 3577 512 3629; x_wconf 76' lang='lat' dir='ltr'>Celeres</span> <span class='ocrx_word' id='word_1_324' title='bbox 531 3581 612 3646; x_wconf 72' lang='lat' dir='ltr'>iopas</span> <span class='ocrx_word' id='word_1_325' title='bbox 631 3574 677 3644; x_wconf 84' lang='lat' dir='ltr'>(ex</span> <span class='ocrx_word' id='word_1_326' title='bbox 726 3573 836 3630; x_wconf 89' lang='lat' dir='ltr'>verosi</span> <span class='ocrx_word' id='word_1_327' title='bbox 853 3573 960 3630; x_wconf 86' lang='lat' dir='ltr'>celeres</span> <span class='ocrx_word' id='word_1_328' title='bbox 977 3573 1060 3644; x_wconf 77' lang='lat' dir='ltr'>fugae</span> <span class='ocrx_word' id='word_1_329' title='bbox 1079 3577 1108 3627; x_wconf 87' lang='lat' dir='ltr'>et</span> <span class='ocrx_word' id='word_1_330' title='bbox 1126 3570 1302 3626; x_wconf 89' lang='lat' dir='ltr'>minaeHan·</span> 
     </span>
     <span class='ocr_line' id='line_1_39' title="bbox 96 3642 1302 3714; baseline -0.001 -18"><span class='ocrx_word' id='word_1_331' title='bbox 96 3643 188 3711; x_wconf 81' lang='lat' dir='ltr'>ltalia)</span> <span class='ocrx_word' id='word_1_332' title='bbox 214 3648 246 3697; x_wconf 88' lang='lat' dir='ltr'>et</span> <span class='ocrx_word' id='word_1_333' title='bbox 264 3649 384 3700; x_wconf 75' lang='lat' dir='ltr'>reiectae</span> <span class='ocrx_word' id='word_1_334' title='bbox 403 3650 492 3700; x_wconf 79' lang='lat' dir='ltr'>minae</span> <span class='ocrx_word' id='word_1_335' title='bbox 514 3647 676 3700; x_wconf 76' lang='lat' dir='ltr'>Hannibalis</span> <span class='ocrx_word' id='word_1_336' title='bbox 726 3642 1302 3714; x_wconf 81' lang='lat' dir='ltr'>nibelisexpelluntur,siSeipionisomnia</span> 
     </span>
     <span class='ocr_line' id='line_1_40' title="bbox 96 3714 1301 3786; baseline -0.002 -18"><span class='ocrx_word' id='word_1_337' title='bbox 96 3715 260 3784; x_wconf 83' lang='lat' dir='ltr'>Scipionem</span> <span class='ocrx_word' id='word_1_338' title='bbox 278 3714 444 3770; x_wconf 83' lang='lat' dir='ltr'>Africanum</span> <span class='ocrx_word' id='word_1_339' title='bbox 464 3715 605 3777; x_wconf 85' lang='lat' dir='ltr'>maiorem.</span> <span class='ocrx_word' id='word_1_340' title='bbox 630 3715 674 3770; x_wconf 89' lang='lat' dir='ltr'>de·</span> <span class='ocrx_word' id='word_1_341' title='bbox 726 3715 1001 3786; x_wconf 78' lang='lat' dir='ltr'>vestigiatolluntnr‚</span> <span class='ocrx_word' id='word_1_342' title='bbox 1014 3715 1301 3770; x_wconf 79' lang='lat' dir='ltr'>undeCaiatraePie·</span> 
     </span>
     <span class='ocr_line' id='line_1_41' title="bbox 96 3783 1300 3857; baseline -0.002 -19"><span class='ocrx_word' id='word_1_343' title='bbox 96 3785 160 3840; x_wconf 88' lang='lat' dir='ltr'>inde</span> <span class='ocrx_word' id='word_1_344' title='bbox 185 3789 314 3840; x_wconf 78' lang='lat' dir='ltr'>incendic</span> <span class='ocrx_word' id='word_1_345' title='bbox 333 3789 513 3857; x_wconf 70' lang='lat' dir='ltr'>Karthaginis</span> <span class='ocrx_word' id='word_1_346' title='bbox 540 3787 676 3842; x_wconf 89' lang='lat' dir='ltr'>minorem</span> <span class='ocrx_word' id='word_1_347' title='bbox 726 3787 800 3840; x_wconf 75' lang='lat' dir='ltr'>rides</span> <span class='ocrx_word' id='word_1_348' title='bbox 826 3793 946 3855; x_wconf 87' lang='lat' dir='ltr'>possunt</span> <span class='ocrx_word' id='word_1_349' title='bbox 973 3787 1078 3853; x_wconf 87' lang='lat' dir='ltr'>teneri,</span> <span class='ocrx_word' id='word_1_350' title='bbox 1105 3801 1175 3853; x_wconf 88' lang='lat' dir='ltr'>quae</span> <span class='ocrx_word' id='word_1_351' title='bbox 1201 3783 1300 3837; x_wconf 85' lang='lat' dir='ltr'>funda·</span> 
     </span>
     <span class='ocr_line' id='line_1_42' title="bbox 96 3855 1298 3926; baseline -0.002 -16"><span class='ocrx_word' id='word_1_352' title='bbox 96 3855 262 3912; x_wconf 77' lang='lat' dir='ltr'>Africanum</span> <span class='ocrx_word' id='word_1_353' title='bbox 287 3857 423 3922; x_wconf 80' lang='lat' dir='ltr'>indicant,</span> <span class='ocrx_word' id='word_1_354' title='bbox 452 3865 512 3912; x_wconf 89' lang='lat' dir='ltr'>tum</span> <span class='ocrx_word' id='word_1_355' title='bbox 540 3859 676 3914; x_wconf 78' lang='lat' dir='ltr'>Calabrae</span> <span class='ocrx_word' id='word_1_356' title='bbox 725 3860 821 3912; x_wconf 84' lang='lat' dir='ltr'>mento</span> <span class='ocrx_word' id='word_1_357' title='bbox 840 3857 970 3925; x_wconf 85' lang='lat' dir='ltr'>quodam,</span> <span class='ocrx_word' id='word_1_358' title='bbox 996 3857 1026 3910; x_wconf 91' lang='lat' dir='ltr'>in</span> <span class='ocrx_word' id='word_1_359' title='bbox 1050 3873 1105 3926; x_wconf 90' lang='lat' dir='ltr'>quo</span> <span class='ocrx_word' id='word_1_360' title='bbox 1128 3856 1298 3916; x_wconf 81' lang='lat' dir='ltr'>niterentur,</span> 
     </span>
     <span class='ocr_line' id='line_1_43' title="bbox 99 3925 1299 3986; baseline -0.001 -6"><span class='ocrx_word' id='word_1_361' title='bbox 99 3933 219 3986; x_wconf 74' lang='lat' dir='ltr'>Pierides</span> <span class='ocrx_word' id='word_1_362' title='bbox 238 3927 345 3984; x_wconf 89' lang='lat' dir='ltr'>iterum</span> <span class='ocrx_word' id='word_1_363' title='bbox 360 3927 675 3984; x_wconf 86' lang='lat' dir='ltr'>admaiorcmreferen·</span> <span class='ocrx_word' id='word_1_364' title='bbox 725 3927 875 3982; x_wconf 82' lang='lat' dir='ltr'>carerent?</span> <span class='ocrx_word' id='word_1_365' title='bbox 892 3927 965 3982; x_wconf 85' lang='lat' dir='ltr'>Nam</span> <span class='ocrx_word' id='word_1_366' title='bbox 983 3926 1053 3981; x_wconf 89' lang='lat' dir='ltr'>illud</span> <span class='ocrx_word' id='word_1_367' title='bbox 1071 3925 1250 3982; x_wconf 79' lang='lat' dir='ltr'>manifestum</span> <span class='ocrx_word' id='word_1_368' title='bbox 1259 3925 1299 3979; x_wconf 83' lang='lat' dir='ltr'>vi·</span> 
     </span>
     <span class='ocr_line' id='line_1_44' title="bbox 99 3997 1299 4072; baseline -0.003 -19"><span class='ocrx_word' id='word_1_369' title='bbox 99 3999 149 4053; x_wconf 82' lang='lat' dir='ltr'>dae</span> <span class='ocrx_word' id='word_1_370' title='bbox 175 4003 249 4066; x_wconf 79' lang='lat' dir='ltr'>sunt,</span> <span class='ocrx_word' id='word_1_371' title='bbox 278 4001 413 4072; x_wconf 87' lang='lat' dir='ltr'>quoniam</span> <span class='ocrx_word' id='word_1_372' title='bbox 441 3999 550 4054; x_wconf 85' lang='lat' dir='ltr'>Ennius</span> <span class='ocrx_word' id='word_1_373' title='bbox 576 3999 674 4054; x_wconf 86' lang='lat' dir='ltr'>Rodiis</span> <span class='ocrx_word' id='word_1_374' title='bbox 725 3997 818 4063; x_wconf 88' lang='lat' dir='ltr'>detur,</span> <span class='ocrx_word' id='word_1_375' title='bbox 840 4002 974 4053; x_wconf 79' lang='lat' dir='ltr'>Calabras</span> <span class='ocrx_word' id='word_1_376' title='bbox 994 3997 1121 4053; x_wconf 85' lang='lat' dir='ltr'>Pierides</span> <span class='ocrx_word' id='word_1_377' title='bbox 1138 4014 1196 4052; x_wconf 90' lang='lat' dir='ltr'>non</span> <span class='ocrx_word' id='word_1_378' title='bbox 1214 4013 1299 4065; x_wconf 86' lang='lat' dir='ltr'>posse</span> 
     </span>
     <span class='ocr_line' id='line_1_45' title="bbox 100 4069 1299 4144; baseline -0.004 -20"><span class='ocrx_word' id='word_1_379' title='bbox 100 4070 240 4126; x_wconf 73' lang='lat' dir='ltr'>Calabriae</span> <span class='ocrx_word' id='word_1_380' title='bbox 251 4071 359 4144; x_wconf 84' lang='lat' dir='ltr'>oppido</span> <span class='ocrx_word' id='word_1_381' title='bbox 373 4075 459 4126; x_wconf 80' lang='lat' dir='ltr'>natus</span> <span class='ocrx_word' id='word_1_382' title='bbox 472 4073 504 4135; x_wconf 77' lang='lat' dir='ltr'>(a.</span> <span class='ocrx_word' id='word_1_383' title='bbox 517 4089 542 4123; x_wconf 89' lang='lat' dir='ltr'>u.</span> <span class='ocrx_word' id='word_1_384' title='bbox 552 4087 576 4126; x_wconf 92' lang='lat' dir='ltr'>c.</span> <span class='ocrx_word' id='word_1_385' title='bbox 585 4074 637 4124; x_wconf 78' lang='lat'>515</span> <span class='ocrx_word' id='word_1_386' title='bbox 646 4101 674 4110; x_wconf 87' lang='lat'>-</span> <span class='ocrx_word' id='word_1_387' title='bbox 725 4069 877 4140; x_wconf 88' lang='lat' dir='ltr'>quidquam</span> <span class='ocrx_word' id='word_1_388' title='bbox 894 4069 971 4124; x_wconf 88' lang='lat' dir='ltr'>aliud</span> <span class='ocrx_word' id='word_1_389' title='bbox 981 4069 1108 4124; x_wconf 86' lang='lat' dir='ltr'>indicare</span> <span class='ocrx_word' id='word_1_390' title='bbox 1117 4085 1201 4138; x_wconf 88' lang='lat' dir='ltr'>qnam</span> <span class='ocrx_word' id='word_1_391' title='bbox 1212 4084 1299 4120; x_wconf 87' lang='lat' dir='ltr'>unum</span> 
     </span>
     <span class='ocr_line' id='line_1_46' title="bbox 101 4139 1297 4214; baseline -0.003 -20"><span class='ocrx_word' id='word_1_392' title='bbox 101 4145 159 4208; x_wconf 67' lang='lat'>554)</span> <span class='ocrx_word' id='word_1_393' title='bbox 168 4144 300 4199; x_wconf 84' lang='lat' dir='ltr'>maiorem</span> <span class='ocrx_word' id='word_1_394' title='bbox 308 4143 476 4214; x_wconf 83' lang='lat' dir='ltr'>Scipionem</span> <span class='ocrx_word' id='word_1_395' title='bbox 492 4141 614 4196; x_wconf 79' lang='lat' dir='ltr'>carmine</span> <span class='ocrx_word' id='word_1_396' title='bbox 630 4159 675 4196; x_wconf 94' lang='lat' dir='ltr'>ce·</span> <span class='ocrx_word' id='word_1_397' title='bbox 723 4141 859 4209; x_wconf 88' lang='lat' dir='ltr'>Ennium;</span> <span class='ocrx_word' id='word_1_398' title='bbox 877 4144 967 4194; x_wconf 84' lang='lat' dir='ltr'>totam</span> <span class='ocrx_word' id='word_1_399' title='bbox 985 4141 1095 4210; x_wconf 72' lang='lat' dir='ltr'>poesim</span> <span class='ocrx_word' id='word_1_400' title='bbox 1112 4139 1228 4194; x_wconf 85' lang='lat' dir='ltr'>latinam</span> <span class='ocrx_word' id='word_1_401' title='bbox 1237 4143 1297 4192; x_wconf 85' lang='lat' dir='ltr'>tam</span> 
     </span>
     <span class='ocr_line' id='line_1_47' title="bbox 101 4209 1298 4286; baseline -0.003 -22"><span class='ocrx_word' id='word_1_402' title='bbox 101 4211 217 4272; x_wconf 77' lang='lat' dir='ltr'>lebrarit.</span> <span class='ocrx_word' id='word_1_403' title='bbox 237 4216 317 4286; x_wconf 77' lang='lat' dir='ltr'>Quae</span> <span class='ocrx_word' id='word_1_404' title='bbox 336 4215 376 4269; x_wconf 88' lang='lat' dir='ltr'>ab</span> <span class='ocrx_word' id='word_1_405' title='bbox 396 4213 489 4266; x_wconf 85' lang='lat' dir='ltr'>altero</span> <span class='ocrx_word' id='word_1_406' title='bbox 503 4211 538 4266; x_wconf 88' lang='lat' dir='ltr'>ad</span> <span class='ocrx_word' id='word_1_407' title='bbox 553 4213 674 4268; x_wconf 86' lang='lat' dir='ltr'>alterum</span> <span class='ocrx_word' id='word_1_408' title='bbox 724 4218 804 4267; x_wconf 91' lang='lat' dir='ltr'>certo</span> <span class='ocrx_word' id='word_1_409' title='bbox 821 4212 932 4265; x_wconf 90' lang='lat' dir='ltr'>nomine</span> <span class='ocrx_word' id='word_1_410' title='bbox 951 4210 1109 4281; x_wconf 79' lang='lat' dir='ltr'>significare</span> <span class='ocrx_word' id='word_1_411' title='bbox 1129 4227 1185 4263; x_wconf 88' lang='lat' dir='ltr'>non</span> <span class='ocrx_word' id='word_1_412' title='bbox 1202 4209 1298 4277; x_wconf 90' lang='lat' dir='ltr'>potnit</span> 
     </span>
     <span class='ocr_line' id='line_1_48' title="bbox 103 4280 1299 4356; baseline -0.008 -16"><span class='ocrx_word' id='word_1_413' title='bbox 103 4283 243 4356; x_wconf 79' lang='lat' dir='ltr'>Scipionem</span> <span class='ocrx_word' id='word_1_414' title='bbox 261 4286 405 4344; x_wconf 83' lang='lat' dir='ltr'>transitio</span> <span class='ocrx_word' id='word_1_415' title='bbox 422 4283 522 4352; x_wconf 88' lang='lat' dir='ltr'>quibus</span> <span class='ocrx_word' id='word_1_416' title='bbox 535 4283 673 4353; x_wconf 87' lang='lat' dir='ltr'>displicet,</span> <span class='ocrx_word' id='word_1_417' title='bbox 723 4282 865 4336; x_wconf 87' lang='lat' dir='ltr'>Horatius.</span> <span class='ocrx_word' id='word_1_418' title='bbox 888 4281 1040 4337; x_wconf 88' lang='lat' dir='ltr'>Praeterea</span> <span class='ocrx_word' id='word_1_419' title='bbox 1056 4280 1250 4336; x_wconf 86' lang='lat' dir='ltr'>Lachmannus</span> <span class='ocrx_word' id='word_1_420' title='bbox 1269 4283 1299 4332; x_wconf 88' lang='lat' dir='ltr'>et</span> 
     </span>
     <span class='ocr_line' id='line_1_49' title="bbox 98 4350 1297 4424; baseline -0.01 -9"><span class='ocrx_word' id='word_1_421' title='bbox 98 4355 126 4412; x_wconf 70' lang='lat' dir='ltr'>lli</span> <span class='ocrx_word' id='word_1_422' title='bbox 146 4364 268 4419; x_wconf 69' lang='lat' dir='ltr'>incendia</span> <span class='ocrx_word' id='word_1_423' title='bbox 297 4375 364 4414; x_wconf 88' lang='lat' dir='ltr'>non</span> <span class='ocrx_word' id='word_1_424' title='bbox 392 4358 463 4408; x_wconf 88' lang='lat' dir='ltr'>sunt</span> <span class='ocrx_word' id='word_1_425' title='bbox 491 4354 674 4424; x_wconf 83' lang='lat' dir='ltr'>intelligenda</span> <span class='ocrx_word' id='word_1_426' title='bbox 724 4353 771 4422; x_wconf 91' lang='lat' dir='ltr'>qui</span> <span class='ocrx_word' id='word_1_427' title='bbox 791 4369 853 4408; x_wconf 89' lang='lat' dir='ltr'>eum</span> <span class='ocrx_word' id='word_1_428' title='bbox 872 4355 959 4408; x_wconf 86' lang='lat' dir='ltr'>secuti</span> <span class='ocrx_word' id='word_1_429' title='bbox 979 4357 1046 4407; x_wconf 87' lang='lat' dir='ltr'>sunt</span> <span class='ocrx_word' id='word_1_430' title='bbox 1065 4351 1213 4421; x_wconf 86' lang='lat' dir='ltr'>Hauptius,</span> <span class='ocrx_word' id='word_1_431' title='bbox 1229 4350 1297 4404; x_wconf 89' lang='lat' dir='ltr'>Mei-</span> 
     </span>
     <span class='ocr_line' id='line_1_50' title="bbox 94 4422 1297 4502; baseline -0.011 -15"><span class='ocrx_word' id='word_1_432' title='bbox 94 4431 121 4488; x_wconf 80' lang='lat' dir='ltr'>‹ls</span> <span class='ocrx_word' id='word_1_433' title='bbox 136 4437 200 4492; x_wconf 79' lang='lat' dir='ltr'>urbe</span> <span class='ocrx_word' id='word_1_434' title='bbox 218 4431 405 4502; x_wconf 69' lang='lat' dir='ltr'>suscipione</span> <span class='ocrx_word' id='word_1_435' title='bbox 430 4424 538 4479; x_wconf 84' lang='lat' dir='ltr'>minore</span> <span class='ocrx_word' id='word_1_436' title='bbox 560 4427 673 4480; x_wconf 87' lang='lat' dir='ltr'>eombu·</span> <span class='ocrx_word' id='word_1_437' title='bbox 722 4422 830 4490; x_wconf 74' lang='lat' dir='ltr'>nelina,</span> <span class='ocrx_word' id='word_1_438' title='bbox 857 4423 996 4479; x_wconf 83' lang='lat' dir='ltr'>Linkerus</span> <span class='ocrx_word' id='word_1_439' title='bbox 1014 4441 1077 4478; x_wconf 89' lang='lat' dir='ltr'>cnm</span> <span class='ocrx_word' id='word_1_440' title='bbox 1100 4423 1236 4485; x_wconf 85' lang='lat' dir='ltr'>viderent,</span> <span class='ocrx_word' id='word_1_441' title='bbox 1261 4439 1297 4475; x_wconf 90' lang='lat' dir='ltr'>ne</span> 
     </span>
     <span class='ocr_line' id='line_1_51' title="bbox 88 4493 1297 4577; baseline -0.017 -10"><span class='ocrx_word' id='word_1_442' title='bbox 88 4512 129 4577; x_wconf 74' lang='lat' dir='ltr'>tiu,</span> <span class='ocrx_word' id='word_1_443' title='bbox 145 4509 194 4566; x_wconf 85' lang='lat' dir='ltr'>sed</span> <span class='ocrx_word' id='word_1_444' title='bbox 212 4509 250 4565; x_wconf 87' lang='lat' dir='ltr'>de</span> <span class='ocrx_word' id='word_1_445' title='bbox 272 4500 410 4560; x_wconf 81' lang='lat' dir='ltr'>neribus</span> <span class='ocrx_word' id='word_1_446' title='bbox 430 4499 461 4552; x_wconf 84' lang='lat' dir='ltr'>et</span> <span class='ocrx_word' id='word_1_447' title='bbox 479 4499 562 4564; x_wconf 86' lang='lat' dir='ltr'>portu</span> <span class='ocrx_word' id='word_1_448' title='bbox 582 4514 600 4555; x_wconf 83' lang='lat' dir='ltr'>a</span> <span class='ocrx_word' id='word_1_449' title='bbox 617 4513 673 4550; x_wconf 85' lang='lat' dir='ltr'>ma·</span> <span class='ocrx_word' id='word_1_450' title='bbox 723 4495 820 4549; x_wconf 85' lang='lat' dir='ltr'>eiectis</span> <span class='ocrx_word' id='word_1_451' title='bbox 839 4496 952 4564; x_wconf 88' lang='lat' dir='ltr'>quidem</span> <span class='ocrx_word' id='word_1_452' title='bbox 975 4495 1032 4550; x_wconf 85' lang='lat' dir='ltr'>illis</span> <span class='ocrx_word' id='word_1_453' title='bbox 1058 4497 1193 4564; x_wconf 88' lang='lat' dir='ltr'>quattuor</span> <span class='ocrx_word' id='word_1_454' title='bbox 1211 4493 1297 4548; x_wconf 88' lang='lat' dir='ltr'>versi-</span> 
     </span>
     <span class='ocr_line' id='line_1_52' title="bbox 81 4563 1297 4658; baseline -0.007 -31"><span class='ocrx_word' id='word_1_455' title='bbox 81 4581 131 4641; x_wconf 62' lang='lat'>1&#39;010</span> <span class='ocrx_word' id='word_1_456' title='bbox 138 4583 276 4658; x_wconf 55' lang='lat' dir='ltr'>scipione</span> <span class='ocrx_word' id='word_1_457' title='bbox 295 4567 445 4632; x_wconf 83' lang='lat' dir='ltr'>incendio</span> <span class='ocrx_word' id='word_1_458' title='bbox 461 4566 570 4633; x_wconf 80' lang='lat' dir='ltr'>deletis,</span> <span class='ocrx_word' id='word_1_459' title='bbox 589 4583 673 4638; x_wconf 89' lang='lat' dir='ltr'>quam</span> <span class='ocrx_word' id='word_1_460' title='bbox 722 4566 774 4623; x_wconf 81' lang='lat' dir='ltr'>bue</span> <span class='ocrx_word' id='word_1_461' title='bbox 787 4569 850 4635; x_wconf 75' lang='lat' dir='ltr'>(aon</span> <span class='ocrx_word' id='word_1_462' title='bbox 866 4571 970 4623; x_wconf 77' lang='lat' dir='ltr'>celeres</span> <span class='ocrx_word' id='word_1_463' title='bbox 981 4605 1006 4622; x_wconf 86' lang='lat'>..</span> <span class='ocrx_word' id='word_1_464' title='bbox 1019 4565 1130 4636; x_wconf 53' lang='lat' dir='ltr'>mediis)</span> <span class='ocrx_word' id='word_1_465' title='bbox 1148 4580 1229 4619; x_wconf 81' lang='lat' dir='ltr'>auum</span> <span class='ocrx_word' id='word_1_466' title='bbox 1243 4563 1297 4619; x_wconf 88' lang='lat' dir='ltr'>sibi</span> 
     </span>
    </p>
   </div>
   <div class='ocr_carea' id='block_1_4' title="bbox 0 0 1568 5225">
    <p class='ocr_par' dir='ltr' id='par_1_7' title="bbox 0 0 1568 5225">
     <span class='ocr_line' id='line_1_53' title="bbox 0 0 1568 5225; baseline 0 2"><span class='ocrx_word' id='word_1_467' title='bbox 0 0 1568 5225; x_wconf 95' lang='lat' dir='ltr'> </span> 
     </span>
    </p>
   </div>
  </div>
 </body>
</html>
