3125 5225
493 230 578 297 LIB·
602 228 661 297 IV.
684 226 821 299 cenet
842 226 902 292 IV.

263 448 291 489 a
358 418 559 517 Utcunque
585 416 761 493 defecere
786 438 924 507 mores,

360 590 365 603 ι
392 542 636 623 indecorant
658 540 759 620 bene
783 551 875 618 nata
898 538 1044 634 eulpae.

309 690 414 783 Quid
440 690 592 787 debeas,
619 716 642 767 o
666 692 800 784 Roma,
824 687 1054 781 Neronibus,

308 815 430 891 Testis
456 817 673 893 Metaurum
697 814 843 889 flumen
866 825 906 889 et
929 806 1150 890 Hasdrubal

355 940 536 1018 Devictus
561 952 599 1016 et
622 938 782 1037 puleher
806 936 951 1035 fugatis

256 1094 284 1134 a
397 1064 472 1143 Ille
497 1064 578 1141 dies
603 1064 716 1141 Latio
741 1062 919 1157 tenebris,

308 1212 385 1305 Qui
409 1212 556 1310 primus
580 1210 683 1287 alma
706 1210 791 1287 risit
814 1206 967 1302 adorea,

308 1336 422 1411 Dirus
446 1362 518 1434 per
543 1336 658 1411 urbes
682 1330 781 1411 Afer
803 1345 847 1409 ut
869 1331 987 1409 Italas

359 1462 441 1541 Ceu
465 1461 620 1537 flemma
644 1484 714 1559 per
738 1458 870 1537 taedas
895 1456 958 1531 vel
980 1455 1103 1530 Eurus
1203 1536 1212 1554 ι

406 1584 481 1661 Per
503 1583 649 1663 Siculas
675 1582 863 1683 equitavit
885 1579 1020 1676 undas.

265 1770 290 1811 s
305 1734 399 1809 Post
421 1732 496 1811 hoo
520 1730 697 1809 seeundis
720 1756 843 1831 usque
867 1729 1063 1807 laboribus

306 1860 481 1939 Romana
501 1859 623 1957 pubes
647 1856 768 1935 erevit
789 1867 828 1931 et
851 1853 971 1951 impio

358 1982 512 2089 Vastata
536 1982 753 2057 Poenorum
778 1978 943 2054 tumultu

407 2103 514 2179 Faue
530 2102 632 2180 deos
659 2102 827 2180 habuero
851 2112 987 2195 reotos,
1069 2134 1080 2190 f

309 2253 489 2353 Dixitque
514 2252 670 2333 tandem
693 2249 862 2350 perfidus
887 2248 1103 2325 Hannibal:

265 2408 292 2451 so
311 2381 437 2475 Cervi,
461 2380 642 2479 luporum
662 2376 808 2478 praeda
832 2375 1040 2474 rapacium,
1162 2480 1165 2485 Ι

105 2627 164 2682 lose
181 2625 377 2684 oolloearunt.
405 2653 437 2666 -
456 2626 598 2696 ataaaqss]
621 2623 639 2680 i.
658 2642 682 2681 e.
731 2625 812 2680 latim
828 2625 994 2696 adprosam
1010 2623 1167 2679 orationem
1188 2623 1303 2681 denen·

104 2697 229 2763 mmuh,
250 2701 285 2752 ut
304 2698 396 2752 Cam
417 2697 438 2762 Ι,
459 2701 501 2762 lt,
523 2701 564 2752 10.
595 2697 617 2762 Ι,
637 2699 682 2762 db,
731 2697 784 2752 dit.
799 2695 1049 2778 -eqottaos'tJHoo
1059 2695 1224 2751 vocabulum
1240 2711 1305 2750 eum

103 2773 143 2826 23.
173 2769 210 2836 11,
232 2773 277 2834 1⁷,
299 2772 341 2823 11.
371 2767 422 2833 111,
438 2771 465 2834 4,
483 2773 526 2825 29.
552 2798 587 2809 —
610 2771 683 2823 inde·
732 2767 888 2823 celeritatis
918 2772 1061 2821 notionem
1088 2767 1199 2832 habeat,
1226 2766 1304 2822 faeili

102 2841 209 2911 wear]
223 2841 473 2910 Aliidrdarossst3
490 2839 561 2895 illud
579 2839 684 2894 mumri
732 2856 790 2894 non
823 2843 970 2909 aeugmate
998 2837 1050 2892 sed
1078 2838 1243 2907 metaphora
1269 2838 1305 2894 ad

101 2911 197 2980 potnit
214 2910 331 2966 insilias
348 2927 433 2979 quarn
443 2913 553 2966 annua
571 2910 683 2966 Utrum-
732 2909 871 2965 flammam
893 2905 1048 2964 auarum
1064 2910 1243 2964 handertur.
1270 2937 1304 2950 -

100 2999 154 3051 que
176 2982 209 3038 in
233 2981 319 3038 bonis
346 2997 380 3036 ae
401 2981 524 3037 uetustis
547 2981 628 3038 eodd
649 3011 681 3020 -
732 2980 828 3051 waste]
862 2981 1005 3036 Immerito
1035 2981 1224 3050 vituperatum
1250 2979 1306 3035 hoo

99 3058 258 3108 lum·
279 3052 472 3178 fflfflbffifl
488 3053 563 3122 apud
573 3053 684 3107 Livium
732 3057 791 3116 est,
818 3051 899 3121 quasi
916 3067 1044 3107 eresoare
1061 3056 1306 3107 nurnerotantum

99 3122 214 3188 mu.
235 3126 344 3194 aasqq.
405 3141 422 3180 e
444 3123 538 3180 verbis
555 3123 683 3180 ooufem
732 3123 771 3178 sit
788 3123 901 3193 auperi3
922 3127 955 3176 tu
972 3138 1106 3191 eompara
1124 3122 1192 3176 Hor.
1213 3123 1304 3178 Ourna

99 3195 189 3250 Carra.
210 3193 250 3260 11,
266 3196 296 3256 8,
314 3197 358 3249 at.
394 3195 428 3250 h
447 3195 479 3250 P.
499 3198 541 3250 18.
560 3223 595 3236 --
613 3207 684 3250 κικ-
732 3194 782 3258 111,
801 3196 845 3260 80,
863 3196 889 3248 8.
938 3193 995 3248 Oia
1014 3192 1096 3248 Reae.
1115 3195 1177 3248 Am.
1196 3197 1240 3259 80,
1259 3197 1304 3250 88.

96 3265 164 3334 tris]
182 3265 302 3320 Mam
320 3265 488 3336 metaphora
514 3268 589 3336 apud
608 3265 683 3320 Oiee·
732 3265 812 3321 Ovid.
830 3263 944 3320 Heroid.
962 3263 1022 3332 XV,
1044 3267 1094 3319 117
1103 3282 1110 3318 :
1130 3264 1257 3320 »Gaudet
1274 3270 1305 3321 et

95 3352 198 3392 runem
224 3335 312 3392 Bosa
330 3335 425 3392 Amet.
445 3339 545 3403 81181.
563 3367 596 3380 -
615 3339 684 3392 ado·
731 3338 864 3391 enostro
874 3340 972 3392 crescit
990 3351 1120 3391 moerore
1131 3334 1299 3392 thamus«

95 3407 158 3478 rea]
175 3407 347 3462 Donatione
365 3407 468 3464 adorea
496 3437 529 3448 -
557 3423 621 3462 aem
639 3406 683 3460 iar
733 3435 765 3448 -
785 3409 848 3462 deos
865 3407 964 3476 raetos]
990 3407 1115 3461 Deorum
1142 3409 1261 3473 statuae,
1288 3424 1305 3462 a

131 3478 137 3488 '
239 3477 272 3532 in
296 3476 379 3532 Latio
406 3479 487 3535 uibus
516 3507 550 3520 -
577 3477 682 3534 milites
732 3479 791 3534 suis
809 3476 923 3532 sedibus
942 3478 1009 3533 olim
1027 3477 1200 3543 deturbatae,
1217 3479 1247 3532 in
1264 3479 1304 3534 sa·

105 3548 254 3604 artissimi
283 3548 406 3618 antiquis
434 3550 609 3619 temporibus
638 3565 684 3604 or·
731 3550 775 3604 nis
792 3549 943 3602 restitutae
960 3555 1026 3603 sant
1043 3552 1073 3603 et
1090 3553 1210 3603 ereetae.

93 3621 159 3702 uati
174 3619 326 3702 solebant.
345 3619 413 3674 lade
433 3620 496 3703 ipsa
507 3621 682 3706 adoreaaen·
768 3620 853 3676 149.
872 3619 1146 3702 perfidaslisaailal]
1159 3621 1205 3675 Ab
1215 3620 1304 3704 empi-

92 3691 683 3844 ematurata-tat
730 3689 1305 3823 truttam.

92 3831 182 3888 iam
203 3833 316 3886 horama
332 3833 680 3904 adommappellabants
731 3831 798 3889 vide
815 3831 996 3895 maxxte.
1014 3831 1103 3897 XXII,
1121 3835 1226 3890 dextr.
1258 3833 1305 3896 Ae

91 3903 191 3958 Aliter
216 3901 321 3958 Festus
348 3919 370 3958 s.
388 3922 415 3959 v.
444 3903 600 3959 »Adoream
622 3906 682 3958 lau·
732 3903 889 3958 orationem
907 3918 1041 3972 sempera
1058 3919 1129 3972 qaae
1145 3907 1212 3959 aaut
1229 3904 1304 3975 apud

91 3973 159 4030 darn
194 3973 257 4030 sire
283 3974 406 4045 gloriam
433 3975 582 4043 ditabant,
617 3975 683 4044 qnia
730 3973 850 4029 eundem
867 3973 1302 4046 aiv.xxvl1‚e1.-tepeml

111 4043 260 4100 larissam
278 4061 343 4102 anm
362 4047 503 4116 putabant
529 4061 603 4111 esse,
633 4044 683 4114 qui
733 4044 859 4100 »ldeiroo
872 4049 945 4114 lapte
962 4045 1138 4114 compararit
1153 4046 1303 4112 Romarm,

156 4115 164 4128 '
202 4115 287 4187 eopia
304 4117 492 4174 abundaret«
536 4117 618 4172 Alana
634 4133 682 4170 au·
731 4115 798 4184 quia
814 4120 915 4170 auctor
931 4116 1051 4171 nominis
1075 4133 1172 4170 eorum
1193 4134 1211 4170 a
1236 4117 1305 4187 lupa

90 4191 154 4240 tem
173 4203 213 4242 ea
237 4188 411 4259 appellatur,
437 4188 568 4256 quoniam
592 4188 681 4242 virtu·
730 4186 856 4241 nutritus
872 4185 1002 4240 dieitur«
1023 4187 1127 4242 comm.
1147 4188 1244 4256 Gruq.;
1273 4191 1305 4242 et

91 4264 153 4312 tm
171 4259 283 4330 nutrit,
312 4277 382 4314 nam
408 4275 480 4327 quae
503 4260 583 4313 alunt
607 4259 681 4314 alma
729 4257 904 4328 eomparavit
930 4257 1138 4327 Peerlkampius
1162 4257 1236 4312 Livii
1262 4259 1304 4313 lo-

93 4329 206 4399 (alm)
225 4336 302 4387 sunt
330 4361 367 4372 -
393 4328 473 4399 risit]
492 4329 678 4400 exsplenduit,
729 4344 795 4382 oum
811 4328 866 4393 111,
891 4331 946 4394 6631
970 4329 1041 4383 Vsll
1060 4329 1171 4384 Patere.
1190 4329 1230 4394 11,
1252 4332 1301 4383 27:

94 4403 130 4454 ut
145 4399 241 4456 Cam.
259 4403 308 4470 tv,
330 4405 377 4469 ll,
395 4403 424 4455 8.
443 4427 477 4440 -
502 4399 542 4468 at]
562 4418 597 4454 ex
613 4417 679 4469 quo.
730 4398 892 4454 »Telesinus
909 4399 1044 4456 dictitans
1058 4399 1191 4454 Romame
1203 4399 1302 4455 adesse

94 4469 189 4538 apud
207 4475 230 4540 7,
252 4477 294 4530 le.
313 4503 346 4514 -
370 4469 433 4540 aaa]
453 4470 593 4526 Partionla
610 4471 680 4526 haee
728 4469 859 4526 ultimum
879 4469 961 4536 (liena
981 4470 1302 4526 votiferabatnreraen·

93 4543 332 4618 antumpnum
348 4557 472 4614 pronus
484 4541 594 4610 poetiea
611 4558 679 4611 pan·
728 4540 792 4596 dam
810 4541 1010 4618 damasique
1024 4542 1131 4609 urbem,
1153 4541 1298 4608 adiieisns,

1261 4791 1285 4845 ι,
