3125 5225
444 264 533 331 LIB.
556 263 618 330 111.
642 261 780 330 celtu.
794 261 853 328 IV.
1189 259 1247 326 177

253 451 330 544 Qui
355 476 443 528 rore
468 476 566 548 puro
591 449 780 530 Castaliae
805 448 901 524 lavit

250 577 395 654 Crines
408 576 564 671 solutos,
593 576 663 675 qui
687 575 830 675 Lyciae
856 585 958 650 tenet

297 704 462 777 Dumeta
487 678 731 800 natalemque
754 700 902 795 silvam,

346 825 480 901 Delius
507 838 544 900 et
569 824 751 900 Patareus
777 822 933 923 Apollo.

205 1025 231 1064 a
251 990 320 1064 Vis
347 990 485 1066 consili
511 1015 646 1089 expers
671 988 775 1066 mole
801 990 879 1064 ruit
905 1013 992 1064 sua:

248 1115 336 1190 Vim
360 1129 612 1214 temperatam
638 1115 678 1190 di
707 1139 863 1213 quoque
879 1113 1097 1210 provehunt

300 1238 345 1314 In
372 1239 514 1335 maius,
541 1239 647 1314 idem
673 1238 790 1314 odere
816 1239 917 1313 vires

347 1361 474 1439 Omne
496 1365 605 1438 nefas
631 1364 760 1439 animo
787 1376 996 1439 moventes.

246 1530 368 1606 Testis
393 1555 565 1606 mearum
590 1531 827 1606 centimanus
852 1532 954 1629 Gyas

206 1690 231 1730 ro
248 1654 545 1750 Sententiarum,
569 1669 683 1730 notus
710 1669 748 1731 et
773 1657 946 1754 integrae

299 1781 483 1857 Tentator
506 1779 630 1856 Orion
652 1782 798 1857 Dianae

348 1906 537 2005 Virginea
562 1905 729 1982 domitus
751 1907 901 2004 sagitta.

244 2069 393 2147 Iniecta
418 2071 597 2146 monstris
623 2071 744 2148 Terra
769 2070 874 2147 dolet
900 2071 977 2147 suis

246 2195 475 2293 Moeretque
498 2207 629 2293 partus
656 2194 821 2270 fulmine
846 2195 1018 2270 luridum

204 2350 229 2392 a
300 2319 437 2394 Missos
463 2318 514 2393 ad
539 2317 704 2395 Orcum:
731 2342 803 2394 nec
823 2318 974 2417 peredit

343 2441 570 2541 Impositam
596 2444 697 2519 celer
721 2445 821 2543 ignis
847 2444 1025 2540 Aetnam,

245 2612 523 2688 Incontinen'tis
552 2637 623 2687 nec
648 2613 752 2711 Tityi
777 2614 884 2687 iecur

245 2738 419 2836 Reliquit
443 2736 522 2813 ales
549 2737 743 2837 nequitiae
769 2735 924 2811 additus

68 2949 184 3019 Apollinis
207 2952 359 3007 sinceritas
381 2955 410 3006 et
428 2951 541 3015 veritas,
570 2968 625 3021 qua
676 2968 739 3004 rum
757 2950 874 3020 cupidos
899 2950 1018 3021 egerint,
1043 2966 1134 3017 nuper
1157 2952 1249 3022 osten,-

68 3024 209 3093 quidquid'
241 3042 347 3094 purum
364 3028 392 3078 ct
409 3023 568 3092 improbum
582 3026 625 3079 sat
676 3022 718 3076 dit
736 3022 886 3093 Gruppius‚
918 3024 965 3092 qui
990 3040 1023 3076 eo
1048 3018 1177 3074 licentiae
1205 3025 1248 3075 est

69 3044 376 3150 indefessaddrtitudine
393 3094 530 3149 adoritur.
550 3094 624 3161 Quas
674 3110 851 3165 progressus,
876 3098 908 3147 ut
931 3093 1002 3147 nihil
1019 3109 1107 3163 prope
1128 3092 1248 3147 intenta·

69 3163 165 3221 deornm
187 3167 342 3221 facultates
366 3170 450 3235 poeta
477 3182 541 3218 rara
569 3164 625 3235 epi·
676 3171 735 3219 tum
763 3165 943 3235 relinqueret.
980 3194 1010 3205 -
1039 3162 1120 3234 Gyas]
1151 3162 1185 3218 cl.
1212 3163 1249 3217 ad

68 3234 190 3293 thalem
206 3238 352 3293 brevitate
369 3236 511 3292 indicavit.
529 3266 557 3277 -·
574 3244 625 3291 ca·
677 3238 768 3291 Carm.
786 3236 822 3303 Il,
843 3240 883 3300 17,
907 3238 949 3289 14.
969 3266 1001 3277 «-
1020 3234 1114 3303 Orion]
1135 3234 1250 3304 Apollo·

68 3308 158 3380 stultae]
187 3308 338 3379 limpidus
363 3308 426 3362 lons
450 3312 494 3361 est
511 3307 541 3362 in
559 3308 624 3377 iugo
675 3308 840 3373 dor.1,4,3:
854 3304 981 3377 »Ὠρίωνα
1001 3307 1032 3360 δὲ
1045 3300 1166 3377 Ἄρτεμις
1182 3302 1250 3361 ἀπέ-

67 3376 176 3449 Parnasi,
206 3379 337 3451 Apollini
362 3396 449 3433 sacer.
480 3410 512 3418 -
546 3378 622 3447 tavit]
675 3397 778 3433 κτεινεν
806 3380 837 3433 tv
853 3373 943 3449 Δήλῳ,
970 3380 1066 3433 τοῦτον
1083 3378 1186 3447 γηγενῆ
1209 3382 1249 3433 λέ-

69 3449 117 3501 'ide
133 3454 166 3506 ad
183 3451 406 3516 cm11,3,18.
427 3481 460 3490 -
475 3452 545 3503 mole
564 3450 624 3518 aaa]
674 3468 773 3521 yovorv
790 3448 841 3505 ὑπε
860 3456 969 3521 μεγέθη
985 3448 1016 3503 τὸ
1032 3451 1138 3519 oriam«
1152 3456 1250 3504 -or'r·

68 3522 117 3586 quia
137 3523 223 3579 nimia
250 3529 296 3578 est
321 3526 350 3575 et
373 3521 486 3576 modum
515 3524 625 3575 rectum
674 3522 767 3593 pinea]
786 3520 821 3576 cl.
840 3470 1128 3591 lropert.11‚1,67:
1153 3519 1249 3575 »Delia

68 3593 200 3663 egreditur,
220 3596 247 3649 si
265 3612 322 3648 non
337 3596 380 3647 est
390 3598 548 3662 temperata
560 3609 624 3647 con·
675 3592 810 3663 virgineis
821 3592 1000 3663 (Danaidum)
1010 3590 1084 3646 idem
1097 3590 1146 3645 ille
1162 3594 1249 3661 reple·

68 3662 120 3715 tilio·
160 3695 190 3705 -
226 3664 316 3735 testis]
346 3663 514 3734 Strepitum,
542 3680 625 3732 quam
674 3664 870 3719 scriturum«
909 3664 1012 3718 Lucan.
1030 3662 1127 3717 Phars.
1137 3662 1171 3729 V,
1186 3666 1249 3717 142:

69 3730 254 3800 Buttmannus‚
281 3735 399 3800 Peerlk,
422 3735 552 3801 ldeinek,
577 3735 624 3788 alii
677 3735 819 3803 »Virginei
839 3739 956 3805 patuere
976 3734 1058 3789 doli.‹
1095 3734 1141 3787 Sic
1159 3733 1248 3788 Carm.

68 3806 126 3861 nulla
160 3810 292 3863 codicum
327 3807 497 3861 auctorem
534 3806 625 3860 adiuti
674 3806 802 3873 111,3,28
818 3810 1008 3861 Hectoreis.—
1026 3804 1160 3877 inteprae]
1178 3808 1249 3860 inta-

69 3878 171 3941 umam
186 3896 252 3934 esse
270 3882 414 3948 putarunt,
433 3880 537 3942 Acron,
556 3876 624 3931 Por·
674 3882 745 3933 ctae.
759 3910 787 3915 —
800 3878 928 3947 tentator]
940 3896 1012 3933 nove
1023 3877 1137 3931 dictum.
1148 3906 1180 3916 -·
1191 3882 1250 3931 Ter·

68 3944 159 4013 phyris,
186 3951 345 4005 Commeat.
364 3950 446 4018 Cruq.
471 3951 527 4003 iam
551 3948 624 4019 loge·
674 3951 721 4017 ra]
742 3954 821 4012 Γαῖα,
842 3953 931 4002 mater
953 3948 1111 4019 Gigantum.
1128 3978 1162 3987 —
1181 3952 1250 4003 tart·

68 4023 132 4087 mnt3
146 4026 240 4091 atque·
251 4020 405 4076 carendum
423 4026 517 4074 estne
536 4020 625 4075 eiecta
674 4024 748 4087 dum]
771 4019 824 4087 Qui
843 4020 921 4074 color
939 4018 1123 4090 significetur,
1140 4018 1250 4075 videbis

69 4104 112 4143 uua
125 4092 262 4162 reliquam
280 4108 391 4162 quoque
409 4092 539 4147 carminis
561 4108 623 4159 par·
674 4110 708 4146 ex
719 4092 809 4147 Germ.
823 4090 870 4156 1v‚
885 4095 927 4160 13,
940 4094 981 4147 10.
1000 4091 1091 4161 Epod.
1107 4094 1147 4155 17,
1159 4094 1201 4144 22.
1217 4118 1247 4129 -

69 4165 112 4213 ten
143 4166 172 4217 iu
205 4164 326 4219 eandem
356 4162 464 4217 cladem
496 4162 623 4232 abripiat.
675 4166 759 4234 tynis]
789 4162 831 4216 Ne
847 4164 939 4217 rictus
958 4163 1069 4231 quidem
1088 4162 1250 4231 Aetnacque

68 4227 259 4305 Peerlkampius
279 4252 316 4289 ex
333 4237 395 4287 toto
414 4234 536 4289 carmine
554 4232 624 4287 nihil
674 4233 815 4289 subiectus
826 4234 974 4303 Typhoeus
990 4250 1116 4305 pugnare
1132 4232 1250 4301 desinit;

70 4306 93 4352 ut
109 4304 286 4361 Horatianum
316 4305 446 4374 agnoscit
469 4305 524 4360 nisi
552 4310 623 4359 stro·
673 4306 769 4377 ignem
791 4308 903 4371 evomit,
934 4305 984 4359 sed
1002 4322 1037 4359 ne
1057 4304 1116 4358 eius
1136 4304 1250 4373 quidem

70 4370 123 4437 phas
142 4380 164 4429 l.
180 4382 205 4431 2.
225 4380 253 4433 6.
270 4380 295 4432 7,
315 4379 341 4429 8.
359 4378 385 4429 9.
406 4380 445 4431 10.
467 4379 563 4431 11.]2.
580 4378 622 4442 19,
674 4377 820 4431 celeritate
839 4375 1110 4447 quidquamelficiet.
1128 4407 1154 4414 -
1168 4378 1237 4445 Tttpt

69 4440 148 4499 decem
164 4449 286 4517 reliquas
305 4447 397 4501 eiecit.
441 4446 516 4514 Quae
540 4464 623 4501 cona·
672 4448 753 4503 Hom.
770 4448 821 4505 Od.
839 4448 1050 4513 xl,575-580.
1072 4478 1104 4486 -
1124 4450 1235 4517 reliquit

71 4516 131 4569 mina
144 4520 172 4571 in
188 4522 325 4589 quantam
339 4518 398 4572 sive
410 4518 551 4574 audaciam
562 4520 620 4574 sive
673 4519 706 4573 In
725 4520 807 4575 bonis
827 4520 912 4574 etiam
929 4520 1009 4573 libris
1020 4516 1094 4573 MSS.
1109 4522 1249 4588 relinquit.

73 4591 250 4645 ammaum
278 4588 395 4645 criticos
418 4607 550 4645 novarum
579 4610 623 4646 re·
672 4590 828 4661 Utrumque
848 4590 947 4645 eodem
966 4590 1048 4645 redit.
1086 4588 1249 4644 Perfectum

107 4700 189 4743 oram
202 4704 234 4742 aa
248 4702 394 4749 mortuom
406 4704 429 4742 u
449 4704 471 4741 r.
1014 4695 1049 4750 12
