3125 5225
474 239 561 306 LIB.
582 239 632 305 Π.
653 237 791 307 uARu.
815 239 857 306 X.

260 427 495 527 Medumque
519 429 662 504 flumen
689 429 866 528 gentibue
891 425 1066 504 additum

265 551 382 624 Victis
407 551 574 626 minores
600 551 756 628 volvere
781 552 944 626 vertices

312 676 499 774 Intraque
517 679 794 777 praescriptum
821 675 990 756 Gelonos

359 802 517 898 Exiguie
542 803 716 900 equitare
738 801 894 899 eampis.

616 1003 713 1012 ῃ...

528 1119 798 1206 ὼΜΜΧ.

259 1285 414 1359 Rectius
440 1285 557 1380 vives,
583 1283 718 1382 Licini,
746 1311 871 1384 neque
896 1285 1016 1359 altum

261 1409 424 1508 Semper
448 1407 622 1507 urgendo
654 1433 779 1506 neque
807 1408 897 1482 dum
923 1409 1109 1512 proeellas

84 1577 229 1634 londndina
247 1581 413 1650 superbiens
438 1585 467 1635 et
487 1579 636 1651 magnifiee
686 1597 752 1636 men
779 1580 890 1650 aperiet
913 1579 1041 1649 vismque
1069 1582 1140 1637 sibi*
1155 1583 1262 1638 muniat

83 1649 165 1712 fluens,
179 1653 301 1706 animum
311 1653 441 1723 reprimit
451 1657 480 1705 et
488 1651 635 1705 tristitiam
686 1651 827 1720 frequenti
845 1651 892 1705 illa
909 1651 1053 1722 allegoria,
1074 1651 1262 1722 quahumaus

82 1721 171 1775 minore
188 1739 324 1848 Ἔρωσι
349 1723 431 1793 eopia
448 1740 531 1792 quem
550 1722 637 1776 volvit
686 1723 745 1776 rita
770 1739 833 1776 oum
858 1723 1037 1792 navigatione
1065 1729 1261 1794 eomparatur;

82 1793 146 1860 qued
162 1810 212 1862 pro
234 1794 266 1847 Ἰ.
294 1825 326 1834 -
356 1797 510 1866 nedumque
528 1793 636 1864 flumen]

82 1863 163 1917 liedes
180 1865 209 1918 in
220 1865 336 1919 Araxen
353 1865 447 1920 influit
466 1882 553 1935 prope
571 1864 638 1919 Per·

82 1935 178 2004 repolin
203 1937 338 1990 Getam
359 1939 449 2005 ipsum
467 1953 568 1996 nomeu
585 1951 638 2005 pro

79 2005 200 2060 uncum
213 2008 355 2063 habitum.
397 2007 432 2062 of.
451 2006 599 2072 carmlv,
612 2009 639 2067 4,

80 2079 115 2129 se.
139 2077 266 2134 aare.
293 2080 385 2134 auter
398 2079 434 2143 11,
453 2081 480 2144 e,
500 2081 541 2133 10.
582 2077 638 2131 Sed

79 2149 639 2285 dimetimur

79 2289 181 2346 fortasse
196 2294 371 2364 intelligitur
389 2297 550 2365 Euphrates,
567 2291 639 2346 eele-

81 2359 240 2418 bratiraimua
258 2363 410 2418 Medorum
437 2364 495 2419 sire
520 2361 638 2416 Partho·

80 2447 128 2485 rom
138 2433 244 2502 durium
262 2436 367 2504 dequo
377 2435 477 2504 virgil.
485 2431 637 2496 Aemvlll,

80 2503 121 2556 itt
142 2506 286 2560 similiter:
310 2505 486 2576 »Euphrates
504 2506 565 2560 ssiat
583 2503 639 2557 iam

79 2574 176 2630 mollior
192 2577 307 2632 undis«
323 2607 355 2618 -
365 2577 491 2649 Gelonos]
510 2575 639 2645 Soythaa,

79 2644 140 2699 intra
149 2653 245 2703 eertoa
258 2649 331 2704 fines
346 2666 499 2719 repressos.
518 2679 552 2689 —
566 2652 638 2718 equi·

79 2718 135 2788 rau]
152 2718 186 2773 oi.
206 2720 300 2775 Germ.
314 2720 336 2785 l,
352 2726 379 2787 ν,
395 2724 445 2790 513
465 2720 639 2789 aptissimum

77 2789 178 2845 verbnm
210 2792 250 2847 ad
283 2792 486 2847 ferocissimam
525 2796 639 2861 gentem

78 2874 135 2925 ome
156 2865 289 2930 equitatu
316 2861 435 2916 maxime
453 2863 549 2917 veluit.
597 2858 637 2914 ef.

75 2926 151 2999 Epist
170 2934 206 2998 11,
217 2938 306 2997 meo
314 2952 376 3002 sqq.
392 2932 470 2987 Flor.
481 2932 527 2997 IV,
539 2936 581 2997 12,
590 2936 638 2987 20:

78 3002 223 3060 »Sannum
240 3007 409 3074 patentibus
429 3010 531 3076 eampis
549 3005 638 3075 (Step-

76 3080 131 3142 με)
148 3080 329 3147 inequitant«

250 3188 402 3243 Carmen
420 3187 456 3245 X.

102 3282 308 3351 Argumentum
336 3282 417 3335 huius
445 3282 576 3337 carminis
605 3298 639 3336 ex

74 3367 101 3401 ee
115 3371 217 3422 genere
240 3358 288 3409 est
298 3354 375 3423 quod
384 3353 640 3423 frequentissimum

73 3427 109 3499 ert
121 3426 195 3493 apud
214 3426 293 3479 hune
308 3428 435 3494 poetem3
455 3426 549 3495 agitur
566 3424 639 3477 enim

74 3498 163 3549 iterum
181 3497 218 3553 de
237 3496 414 3551 ooutiueutia
431 3495 525 3559 animi,
543 3494 641 3563 inqua

73 3576 194 3630 quantun
213 3568 267 3621 ille
288 3567 395 3637 ingenii
405 3569 565 3622 ubertatem
576 3583 642 3634 pro·

73 3634 172 3691 laverit
188 3640 268 3693 iusta
286 3638 472 3693 admiratione
497 3638 641 3707 amplecti·

72 3722 130 3762 nur.
175 3708 270 3777 Quam
289 3710 389 3764 Graeci
406 3710 462 3763 iam
480 3709 639 3795 philosophi

72 3782 222 3835 statuerunt
249 3780 410 3835 doctrinam
442 3785 555 3851 (μέτρον
578 3801 638 3850 αρι-

72 3864 136 3915 σιον,
154 3852 327 3919 Cleobulus3
356 3858 450 3924 μέτρῳ
464 3854 532 3923 χρῶ,
551 3851 638 3907 Pius·

71 3939 126 3992 tuq
149 3921 275 3995 εὐτυχῶν
290 3926 353 4009 μὲν
369 3930 481 3996 μέτριος
498 3930 567 3987 ἴσθι,
594 3925 638 3977 du·

72 3997 170 4065 στυχιῶν
184 3998 221 4050 dt
282 4014 388 4067 ονιμος,
402 3994 569 4062 Periander3
587 4013 638 4067 μη-

72 4064 115 4117 tir
128 4062 209 4135 ἄγαν,
232 4016 347 4135 dirum
372 4066 538 4135 quibuscum
563 4082 637 4120 eom-

73 4136 637 4209 panhaoerheognidiszveoerwelek)

75 4203 188 4278 ›1⁸6po
215 4204 323 4279 Κύρνε,
342 4214 483 4274 κακοῖσιν,
507 4211 567 4265 ἐπεὶ
589 4204 638 4262 κᾶ-

73 4280 192 4359 23⁹va
209 4282 347 4351 ἔχαιρες(
368 4282 399 4333 et
414 4281 502 4333 aere
522 4280 640 4347 »Μηδὲν

73 4368 137 4416 urm
153 4345 287 4421 ἄσχαλλε,
309 4356 527 4421 ταρασσομένων
544 4354 639 4419 πολιη-

73 4426 139 4486 τέων,
173 4418 276 4491 Κύρνε,
306 4426 403 4493 μέσην
431 4423 456 4475 d'
485 4425 565 4495 ἔρχευ
590 4422 642 4491 τὴν

73 4490 139 4559 ὁδὸν,
169 4490 267 4566 ὅσπερ
286 4487 388 4565 lyei«)
402 4494 516 4548 eandem
536 4494 641 4550 doetri-

73 4580 128 4619 ram
152 4566 195 4622 aie
218 4569 333 4621 tractet
353 4563 495 4629 Horatius,
522 4570 556 4620 ut
581 4584 640 4622 oar·

687 1798 748 1846 tum
776 1798 975 1864 argumentum
1004 1795 1084 1863 ponit
1114 1797 1177 1850 ιδ
1205 1812 1262 1849 non
1317 1803 1325 1822 ·

687 1865 760 1918 nude
786 1868 835 1918 aut
862 1865 983 1930 exiliter,
1011 1865 1059 1919 aed

687 1939 756 1989 natu
780 1935 863 2006 quasi
891 1935 1031 1990 vestitum.
1113 1955 1156 1990 am
1187 1937 1261 2012 quod

688 2006 766 2070 dicit,
784 2007 837 2061 hoe
857 2013 901 2061 est
920 2009 1039 2064 art-e:
1070 2007 1133 2078 »qui
1152 2025 1262 2062 auream

687 2078 910 2132 mediocritatem
929 2078 1031 2150 diligit,
1062 2079 1086 2132 ia
1116 2079 1189 2134 liber
1219 2083 1263 2134 est

687 2150 723 2205 ab
750 2151 883 2204 extremis
912 2149 1006 2218 vitiis3
1036 2151 1139 2204 vitiose
1168 2153 1262 2205 autem

687 2224 754 2276 suut
774 2224 803 2274 et
823 2237 946 2289 eaquae
969 2221 1043 2275 iusto
1067 2226 1133 2275 sunt
1154 2221 1263 2276 minora

687 2297 716 2346 et
732 2307 767 2344 ea
785 2307 855 2358 quae
874 2291 988 2346 modum
1002 2292 1166 2346 excedunt«
1187 2291 1261 2346 lllud

687 2379 749 2417 oum
768 2379 820 2432 per
839 2365 991 2431 repetent,
1017 2363 1070 2418 hoo
1087 2362 1162 2434 quod
1179 2363 1261 2418 vitio·

687 2450 749 2487 sum
767 2449 829 2487 essa
846 2450 903 2488 non
920 2449 1015 2489 omnes
1036 2433 1201 2506 intelligant
1211 2435 1261 2488 tri·

688 2505 742 2558 bus
770 2503 906 2574 exemplis
930 2522 955 2558 v.
974 2507 1062 2560 9-12
1095 2505 1262 2560 illustretur.

687 2575 746 2630 lam
766 2591 849 2631 versu
870 2579 901 2629 12
922 2575 1050 2647 superior
1074 2593 1140 2646 pars
1163 2577 1263 2631 earmi-

690 2648 743 2713 nis,
771 2647 847 2717 quod
873 2650 965 2702 totum
995 2648 1096 2717 viginti
1130 2652 1263 2717 quattuor

689 2718 774 2773 hebet
800 2734 907 2784 versus,
936 2718 1021 2773 finem
1048 2718 1145 2787 habet3
1173 2720 1263 2773 altera

687 2806 764 2859 pars,
794 2789 863 2843 item
890 2790 1038 2844 duodecim
1062 2806 1160 2844 versus
1188 2807 1261 2845 oom-

688 2861 823 2929 pleetens‚
844 2860 878 2914 de
896 2861 949 2915 alia
968 2860 1078 2930 quidem
1089 2860 1193 2915 virtute
1204 2862 1263 2932 egit

691 2932 742 2987 sed
759 2948 793 2985 ea
813 2935 933 3000 eognata
944 2938 972 2986 et
981 2948 1053 3002 quae
1063 2931 1170 2985 redires
1181 2932 1261 3000 quasi

690 3007 758 3073 agat
775 3002 805 3055 in
825 3002 1026 3057 mediocritate.
1057 3001 1110 3069 Qui
1128 3002 1263 3057 mediocri

689 3090 786 3127 rerum
811 3072 975 3127 ooudioione
993 3076 1038 3128 est
1055 3078 1212 3140 contentus,
1240 3073 1264 3127 is

691 3144 727 3197 ad
759 3160 953 3213 quameunque
975 3143 1104 3199 fortunae
1126 3144 1264 3198 vicissitu-

695 3216 787 3269 din'am
809 3220 925 3284 paratus
952 3221 1003 3269 est.
1052 3212 1128 3281 Quae
1153 3231 1198 3269 rea
1223 3216 1264 3269 sio

688 3284 859 3340 illustratur.
885 3286 951 3339 »Cui
967 3286 1002 3340 de
1022 3286 1194 3355 praestantia
1206 3303 1263 3339 me·

689 3356 848 3411 diooritatis
878 3373 1039 3427 persuasum
1070 3360 1121 3421 est,
1148 3358 1172 3411 is
1200 3373 1262 3409 oum

689 3428 814 3483 adversis
833 3429 917 3482 rebus
932 3429 1029 3491 utitur,
1050 3430 1147 3496 speret
1165 3444 1262 3482 seeun-

689 3498 753 3568 dae3
772 3515 837 3553 eum
854 3500 991 3562 secundis,
1009 3500 1108 3553 metuit
1119 3499 1260 3562 adversas,

688 3586 780 3639 neque
805 3586 927 3639 unquam
946 3570 1038 3624 subita
1056 3586 1152 3623 rerum
1172 3574 1263 3651 muta-

689 3641 765 3695 tione
784 3640 962 3710 opprimitur,
984 3658 1048 3695 oum
1066 3640 1199 3694 omniaiu
1210 3640 1262 3693 hae

689 3717 765 3766 terra
794 3712 940 3767 mutabilia
971 3728 1032 3766 esee
1059 3711 1153 3766 solat«
1207 3710 1263 3765 Sed

688 3782 1261 3919 {terituratriifumnlitt

689 3924 802 3995 quidem
834 3923 921 3979 vitam
954 3925 1095 3981 coutinuis
1129 3922 1261 3993 prooellis

687 3995 790 4066 agitari
809 3995 917 4067 (v.1r);
949 3997 1027 4051 ouius
1052 3994 1198 4050 doetrinae
1216 4012 1261 4049 re-

687 4068 756 4121 ritas
774 4068 888 4137 egregie
906 4070 1025 4137 augetur
1044 4084 1087 4121 vv.
1099 4068 1130 4121 18
1139 4070 1203 4121 -20
1221 4064 1260 4119 el·

689 4144 750 4193 tero
761 4138 900 4207 Apollinis
910 4138 1046 4207 exemplo,
1061 4136 1109 4206 qui
1119 4136 1260 4191 interdum

687 4208 784 4263 hilaris
803 4226 835 4263 ao
859 4210 935 4264 mitis
959 4226 1015 4263 non
1040 4224 1149 4277 semper
1176 4208 1261 4277 pesti-

688 4279 779 4335 ferum
799 4296 892 4335 areum
911 4279 1010 4335 tendit.
1037 4278 1172 4333 Extrema
1191 4282 1262 4333 stro·

689 4352 744 4422 pha
762 4356 847 4421 poeta
864 4350 939 4407 radit
956 4352 993 4405 sd
1002 4350 1110 4420 primae
1119 4348 1260 4403 inferioris

688 4423 778 4494 partis
797 4422 929 4492 strophae
947 4419 1124 4483 sententiam,
1148 4422 1197 4475 sed
1221 4422 1262 4474 ita

688 4493 771 4559 redit,
778 4498 812 4547 ut
821 4494 943 4565 imagine
957 4508 1065 4562 quoque
1076 4492 1263 4575 navigationis

690 4566 792 4621 iterata
824 4566 859 4620 ad
882 4566 971 4619 totius
997 4562 1128 4618 carminis
1151 4564 1263 4617 mitium

1087 1867 1198 1992 poetico
1216 1883 1263 1920 or-
