3125 5225
276 266 336 331 126
745 263 994 334 CARMINUM

472 450 685 549 Longaque
711 452 856 526 fessum
881 448 1022 524 militia
1046 446 1145 523 letus

523 576 682 673 Depone
708 576 781 650 sub
805 574 917 650 lauru
943 598 1029 648 mec
1054 599 1126 648 nec

431 734 456 771 so
572 699 692 775 Parce
716 698 821 776 cudis
848 700 919 774 tibi
949 698 1156 775 destinetis.

472 847 670 925 Oblivioso
696 849 798 925 levia
822 851 984 926 Massico

474 972 633 1049 Ciboria
659 971 779 1070 exple,
807 971 928 1048 funde
955 971 1158 1070 capacibus

521 1096 723 1194 Unguenta
750 1097 799 1172 de
826 1095 992 1172 conchis.
1044 1095 1141 1188 Quis
1167 1095 1245 1170 udo

569 1222 835 1320 Deproperare
861 1223 950 1320 opio
977 1246 1137 1297 coronas

435 1404 460 1443 ss
479 1369 645 1446 Curetve
670 1373 819 1468 myrto?
872 1368 996 1461 Quem
1022 1368 1154 1445 Venus
1180 1367 1368 1442 arbitrum

473 1495 585 1570 Dicet
604 1493 788 1569 bibendi?
839 1493 926 1568 Non
954 1517 1027 1591 ego
1053 1492 1182 1568 senius

273 1738 393 1804 debitas,
414 1738 515 1795 deinde
533 1756 642 1794 mecum
651 1740 725 1795 ritae
736 1743 766 1793 et
780 1739 848 1793 ami-
897 1743 987 1793 teram
998 1737 1099 1809 agendi
1110 1736 1251 1792 adsciscit.
1268 1735 1474 1791 Festinetionis

274 1811 357 1866 citise
376 1811 470 1866 fruere
487 1810 605 1881 gaudiis.
625 1814 698 1882 Erpa
709 1811 848 1880 particule
897 1827 964 1864 vero
984 1809 1062 1865 notio
1081 1805 1178 1863 additu
1191 1807 1474 1879 particulatlsetism

272 1881 367 1936 subito
395 1883 516 1952 quodem
543 1885 573 1936 et
596 1881 684 1950 lyrico
708 1887 788 1940 motu
811 1881 848 1936 ad
896 1885 1023 1952 augetur.
1052 1911 1081 1920 -
1113 1880 1175 1950 udo]
1204 1879 1281 1950 Virg.
1300 1878 1403 1946 Georss.
1422 1877 1474 1942 IV,

273 1952 385 2007 initium
403 1953 534 2008 carminis
547 1953 627 2022 quasi
639 1950 750 2007 reducit
765 1952 848 2007 amici
899 1956 948 2007 121
971 1944 1089 2006 »virides
1107 1951 1172 2021 apio
1190 1949 1294 2021 ripae«
1329 1949 1404 2019 Apio
1424 1965 1475 2020 pa·

169 2055 176 2071 ι
271 2023 403 2079 animum.
422 2054 457 2064 -
475 2024 630 2096 otliqatast]
666 2023 720 2091 Qui
739 2042 774 2078 ex
791 2040 848 2077 ms·
897 2022 980 2077 lustri
1002 2023 1031 2076 in
1051 2021 1196 2078 nectendis
1224 2020 1335 2076 coronis
1364 2021 1475 2090 saepis-

273 2096 337 2165 gnis
354 2094 486 2164 periculis
507 2094 623 2149 deorum
641 2094 778 2150 beneficio
796 2096 848 2149 eri·
898 2095 966 2149 sinte
985 2095 1143 2149 utebantur.
1179 2091 1215 2148 ol.
1235 2091 1414 2156 Carm.l,3ti‚
1429 2093 1474 2148 16.

272 2167 359 2236 pitur,
375 2167 400 2220 is
413 2169 531 2237 prepter
540 2167 571 2220 id
584 2165 685 2235 ipsum,
701 2165 726 2219 si
735 2165 847 2235 quidem
896 2166 1033 2230 lv,11‚e.
1070 2164 1138 2219 Inde
1156 2164 1231 2234 apud
1249 2163 1390 2218 Theocrit.
1401 2165 1477 2232 ⁷,oe

273 2243 318 2292 est
380 2239 523 2305 toenimo,
538 2237 599 2292 voti
616 2237 694 2307 quasi
713 2253 778 2291 reus
795 2241 847 2292 est.
900 2231 1120 2308 ιπολιγνάμπτῳ
1152 2253 1182 2290 ra
1209 2239 1331 2304 usurpa
1361 2259 1395 2274 -
1425 2257 1477 2290 oa·

271 2309 307 2362 ci.
413 2309 536 2373 ‚11‚e,5.
561 2339 595 2348 -
620 2308 712 2378 lauru]
748 2308 848 2363 Altera
896 2307 982 2378 imre]
1008 2307 1164 2362 Particum
1188 2327 1246 2378 que,
1269 2327 1309 2372 oe,
1332 2327 1365 2360 sss
1385 2317 1477 2376 osope

270 2378 386 2433 ablativi
400 2379 493 2435 forma
509 2383 590 2434 tauro
607 2378 682 2450 apud
695 2379 845 2433 Horatium
895 2396 951 2434 neu
980 2378 1007 2433 ei
1031 2379 1165 2433 vocabulo
1191 2378 1344 2433 adhaerere
1371 2375 1477 2432 riden-

270 2455 315 2504 est
332 2449 422 2504 Oarm.
435 2449 484 2519 111,
497 2453 595 2517 30,16.
641 2450 684 2505 Ne
707 2451 761 2504 hoo
786 2451 845 2519 qui·
894 2454 942 2504 tur
994 2449 1050 2504 uod
1085 2450 1275 2518 superioribus
1305 2447 1475 2502 addendum

270 2519 334 2574 dem
347 2521 408 2576 sine
425 2525 562 2592 εἰρωνείᾳ
585 2526 702 2592 uterque
719 2521 750 2574 in
768 2522 844 2576 bello
894 2524 945 2576 est.
975 2467 1055 2588 {uod
1072 2537 1109 2574 ne
1127 2539 1192 2575 cusu
1206 2521 1251 2575 vel
1262 2519 1346 2575 metri
1357 2519 1476 2574 ratione

270 2592 447 2648 iterumue.
476 2592 576 2647 lor-im
593 2593 647 2649 sibi
666 2609 767 2665 parare
784 2597 842 2647 stu·
892 2592 997 2648 fectum
1026 2592 1133 2658 credes,
1162 2593 1203 2647 sio
1235 2592 1288 2647 tihi
1318 2591 1475 2661 persuade.

269 2663 370 2718 deerat
388 2665 437 2720 sed
501 2669 568 2718 stra.
593 2664 727 2719 Horatius
747 2668 841 2719 eutem
891 2667 990 2735 poetas
1012 2664 1184 2734 transpositu
1199 2663 1339 2733 particulo
1358 2666 1388 2716 et
1408 2680 1476 2716 ma-

268 2734 353 2789 aliem
379 2736 408 2790 in
436 2752 505 2806 paee
531 2738 562 2790 et
594 2735 653 2791 otio
681 2735 841 2790 litterarum
891 2736 981 2790 iorem
995 2736 1050 2790 vim
1066 2736 1111 2789 vel
1128 2734 1238 2805 pondus
1256 2732 1370 2803 aliquod
1387 2734 1476 2788 addi·

269 2807 369 2861 studiis
386 2808 540 2861 invenerat
556 2828 649 2862 -nes
665 2808 759 2879 parce]
777 2807 842 2862 vide
892 2804 967 2861 disse
987 2807 1013 2861 ei
1030 2807 1167 2862 vocabulo
1188 2807 1233 2860 oui
1254 2806 1304 2860 illa
1322 2804 1474 2871 adhaeret,

268 2878 305 2931 ad
322 2878 444 2944 carmi,
456 2882 497 2943 11,
509 2882 534 2931 2.
892 2880 921 2931 et
949 2879 1069 2947 speciem
1096 2878 1216 2947 aliquam
1246 2872 1370 2931 effecisse
1400 2894 1477 2933 oon·

303 2948 388 3005 121.
427 2948 573 3017 oblivioso]
594 2946 670 3017 quod
687 2945 842 3017 aegritudi·
892 2949 1054 3003 structionis
1073 2946 1130 3003 int
1149 2950 1250 3017 κοινοῦ,
1273 2948 1405 3003 nimirum
1435 2952 1475 3002 ut

268 3038 336 3074 num
359 3038 489 3076 curarum
509 3019 646 3074 malorum
671 3017 841 3073 oblivionem
891 3037 975 3073 unum
995 3018 1160 3075 vocabulum
1176 3021 1316 3089 utrimque
1340 3017 1476 3074 trahere·

268 3090 350 3146 affert
374 3097 405 3147 et
427 3092 579 3148 demissum
600 3090 723 3143 animum
747 3089 840 3159 erigit.
890 3094 946 3145 tur.
987 3090 1125 3161 Exempla
1142 3094 1221 3145 sunt:
1251 3091 1340 3145 Germ.
1351 3089 1374 3154 1,
1385 3092 1475 3152 tue

272 3192 303 3202 -
331 3164 413 3235 lesia]
442 3180 500 3218 non
531 3163 575 3215 »in
600 3165 681 3215 tuum
705 3161 840 3215 honorem
891 3161 1033 3228 tilulo.
1054 3162 1197 3229 11‚19,32.
1217 3161 1409 3226 sst.1‚4.115.
1429 3161 1472 3225 11,

271 3233 384 3289 detersa
401 3252 435 3289 ac
453 3234 567 3305 polita«,
586 3250 650 3287 nam
671 3231 753 3286 decet
770 3248 841 3286 sem·
893 3237 916 3297 1,
927 3235 970 3287 68.
1000 3234 1167 3301 quattu
1194 3232 1231 3300 11,
1245 3236 1269 3297 ³,
1283 3237 1341 3288 182.
1373 3232 1432 3287 Set.
1446 3234 1472 3298 1,

306 3322 322 3357 r
347 3306 454 3361 ciboria
476 3321 538 3359 esse
560 3304 641 3359 levia.
659 3332 694 3344 -
717 3302 839 3371 ciboria]
891 3307 916 3371 8,
927 3308 951 3358 2.
969 3304 991 3369 Ι,
1003 3309 1027 3373 ¹1,
1038 3308 1081 3360 63.
1111 3304 1292 3375 opoente.
1323 3304 1379 3359 Set.
1389 3302 1474 3369 11‚3‚

292 3376 368 3431 oculi
416 3394 484 3431 enus
511 3375 590 3431 ouius
618 3374 746 3444 superior
762 3390 841 3444 xpots
893 3377 1021 3431 139.180.

270 3446 336 3514 leta,
362 3394 479 3502 inierior
503 3450 623 3517 angusta
642 3449 711 3510 eret,
737 3446 768 3498 in
783 3442 866 3499 mo·'
927 3447 959 3500 V.
973 3450 1016 3501 at.
1058 3446 1153 3515 Venus]
1192 3446 1282 3500 iactus
1312 3445 1473 3501 Vener-eus.

269 3518 337 3573 dum
353 3518 434 3572 labae
453 3517 618 3587 Aegyptiae,
644 3533 714 3585 quae
731 3518 841 3571 coloce-
890 3517 1025 3573 Solebant
1046 3520 1152 3572 veteres
1168 3516 1198 3570 in
1216 3517 1302 3571 lautis
1328 3516 1474 3573 conviviis

268 3590 311 3643 sia
327 3606 349 3643 s.
361 3604 474 3657 mamus
491 3589 653 3643 vocabatur.
671 3587 738 3641 Fuit
746 3591 840 3641 autem
890 3589 1039 3659 magistros
1066 3607 1088 3643 s.
1112 3605 1195 3659 reges
1222 3588 1339 3643 bibendi
1369 3606 1474 3643 creare

267 3660 320 3714 hoc
339 3676 428 3731 genus
447 3660 590 3729 capacius3
611 3664 642 3713 et
658 3658 688 3712 in
705 3658 757 3712 tali
774 3674 840 3713 oon·
890 3662 1011 3715 telorum
1025 3666 1111 3715 sorte.
1130 3659 1263 3713 Telorum
1275 3664 1369 3714 eutem
1385 3666 1474 3729 qust-

269 3731 343 3787 rivio
361 3730 470 3786 laetitia
486 3730 610 3785 cernitur
628 3731 658 3783 in
669 3729 841 3785 abundantia
890 3736 956 3787 tuor
972 3732 1063 3786 lutera
1081 3731 1209 3802 longiora
1226 3732 1339 3800 punctis
1365 3736 1475 3785 nomta

268 3819 378 3872 quoque
395 3807 425 3857 et
438 3804 568 3857 vinorum
578 3806 607 3856 et
618 3806 840 3871 unguentorum:
890 3807 979 3869 erant,
1003 3801 1043 3856 ita
1066 3806 1099 3857 ut
1117 3820 1202 3855 unum
1220 3802 1293 3856 latus
1313 3818 1400 3856 uuum
1419 3802 1474 3857 lia-

195 3933 197 3937 ,
267 3874 333 3929 inde
367 3877 482 3929 comtos
518 3889 629 3942 quoque
668 3873 840 3942 grandiores.
890 3875 973 3929 beret
991 3879 1136 3945 punctum,
1154 3873 1275 3927 alterum
1292 3871 1359 3928 huic
1377 3890 1475 3944 oppo-

268 3944 431 4015 Asyndeton
449 3949 534 4016 euple,
560 3949 642 4013 suade
664 3943 701 3996 ad
717 3944 840 3997 animum
890 3946 974 3999 situm
991 3962 1039 4000 sex
1059 3950 1164 4015 puncta
1185 3944 1353 4008 ostenderet,
1374 3944 1404 3999 iu
1423 3940 1488 4001 re-'

267 4016 427 4072 festinantis
455 4032 546 4084 neque
570 4031 678 4069 moram
706 4014 840 4086 potientis
889 4016 1027 4086 liquitque
1045 4017 1155 4071 duobus
1168 4016 1331 4070 tricessent
1345 4020 1473 4085 etquat-

268 4086 519 4154 accommodatum
544 4084 609 4140 huic
625 4086 668 4140 rei
685 4102 840 4157 congruum
890 4094 955 4143 tuor
993 4093 1087 4143 uncta.
1122 4086 1286 4143 Ludebatur
1301 4086 1367 4141 talis
1385 4092 1473 4157 quet·

267 4164 312 4213 est
328 4160 499 4228 subsequens
518 4158 634 4211 verbum
651 4161 840 4230 deproperare.
889 4106 1071 4229 tuouilenus
1081 4162 1142 4213 erat
1150 4158 1249 4224 iectus,
1258 4174 1322 4213 oum
1330 4163 1475 4227 quattuor·

266 4230 390 4301 Simplex
400 4230 516 4285 verbum
525 4228 622 4283 eadem
635 4228 841 4299 significatione
890 4230 939 4285 teli
951 4231 1018 4285 iacti
1033 4234 1165 4300 quattuor
1181 4230 1308 4284 diversos
1322 4246 1470 4295 numeros,

268 4302 358 4357 Germ.
376 4301 431 4367 111,
453 4303 502 4365 24,
522 4303 566 4365 til.
616 4300 706 4369 Epod
728 4304 775 4364 12,
796 4302 840 4355 22.
890 4302 966 4357 canis
976 4302 994 4356 i.
1006 4318 1028 4355 e.
1039 4302 1175 4371 pessimus
1185 4301 1283 4371 iectus,
1294 4318 1357 4356 oum
1367 4318 1472 4357 omnes

266 4372 357 4443 Epist
372 4374 395 4438 1,
409 4376 434 4441 t,
450 4376 499 4436 28,
523 4372 597 4441 quod
625 4388 689 4426 cum
715 4386 765 4425 sua
791 4388 840 4425 na·
890 4390 975 4427 unum
989 4377 1124 4443 punctum
1139 4372 1333 4427 ostendebant.
1351 4372 1383 4425 In
1401 4373 1471 4427 reli-

265 4450 330 4499 turs
347 4445 534 4499 accusativum
553 4442 656 4497 obiecti
672 4459 729 4496 non
751 4442 839 4511 petia·
890 4444 952 4513 quis
966 4444 1087 4500 iactibus
1104 4444 1215 4499 valebat
1230 4447 1401 4513 punctorum
1415 4462 1471 4499 nu-

266 4518 323 4581 tus,
337 4515 645 4583 temenedexemplum
655 4514 839 4584 graeciverbi
890 4532 991 4570 merus.
1018 4516 1122 4571 Alalis
1142 4513 1311 4571 differebant
1327 4518 1469 4583 merse,

269 4579 398 4637 anetum
416 4586 451 4637 ad
469 4584 619 4637 festinandi
637 4585 780 4638 notionem
801 4584 839 4638 al·
890 4604 961 4655 quse
982 4602 1031 4640 sex
1049 4603 1179 4641 numeros
1206 4588 1233 4640 in
1259 4602 1309 4640 sex,
1326 4585 1469 4641 luteribus
