3125 5225
469 299 557 366 LIB.
570 299 615 366 H.
638 300 777 368 cusu.
799 300 875 366 VII.

272 484 370 561 cum
395 509 472 584 quo
494 501 709 562 morantem
734 513 848 587 saepe
878 487 979 562 diem
1002 513 1107 562 mero

319 608 433 708 Fregi
459 625 663 688 coronatus
686 614 847 689 nitentes

362 735 604 810 Malobethro
631 737 744 830 Syrio
770 737 940 837 capillos.

268 881 411 956 Tecum
438 882 641 982 Philippos
666 898 705 959 et
728 885 891 960 celerem
919 888 1053 986 fugem

229 1043 256 1079 ιο
273 1005 384 1082 Sensi
404 1009 537 1084 relicte
561 1035 641 1083 non
662 1009 760 1085 bene
781 1010 968 1109 parmula,

319 1133 417 1210 Cum
443 1135 566 1210 fracte
590 1135 712 1209 virtus
737 1135 966 1214 esminaees

366 1259 496 1358 Turpe
524 1259 649 1338 solum
678 1263 839 1360 tetigere
865 1273 1005 1336 mento.

266 1406 347 1483 Sed
368 1433 430 1484 me
450 1434 522 1506 per
547 1409 672 1486 hostes
701 1409 912 1484 Mercurius
935 1408 1036 1484 celer

264 1533 394 1607 Denso
419 1545 624 1631 paventem
645 1533 796 1608 sustulit
822 1546 929 1627 aere3

212 1689 248 1741 ,ns
323 1657 378 1732 Te
404 1683 534 1731 rursus
562 1660 602 1733 in
625 1657 770 1732 bellum
795 1659 996 1733 resorbens

297 1791 308 1798 ’
368 1783 480 1859 Unde
502 1781 611 1856 fretis
634 1781 722 1857 tulit
748 1783 943 1858 aestuosis.

262 1933 370 2031 Ergo
397 1931 609 2032 obligatam
633 1931 754 2009 redde
779 1933 865 2010 Iovi
893 1933 1063 2042 dapem,¹

80 2125 175 2180 iunctos
200 2125 250 2181 lui
305 2125 422 2181 Sodoles
448 2130 543 2181 entem
568 2125 595 2180 ln
620 2127 639 2180 l.
691 2127 739 2196 qui
756 2125 807 2180 hos
826 2141 922 2180 versus
942 2126 1081 2196 legebsnt.
1103 2125 1179 2180 ultro
1195 2127 1265 2182 inci·

81 2201 132 2249 sunt
155 2198 325 2266 quibuscum
347 2198 418 2252 'olim
446 2197 587 2252 militarit.
606 2227 637 2236 -
691 2197 793 2252 derunt
811 2196 840 2250 in
858 2196 1028 2252 Graecorum
1053 2201 1199 2266 poetarum
1227 2198 1263 2252 si·

80 2267 641 2408 temnitttmttt'iff
689 2267 1199 2405 &linitisolitudini?
1218 2289 1262 2394 222

80 2411 132 2472 tuit
158 2416 189 2464 ut
221 2411 295 2480 quid
324 2411 452 2465 moment
484 2409 640 2465 nescientes
689 2414 769 2465 retur
787 2415 817 2464 et
833 2427 935 2480 mogus
954 2425 1018 2478 pers
1048 2410 1262 2464 fortissimorum

80 2481 160 2548 quiris
172 2485 235 2536 erte
245 2482 325 2536 diem
334 2481 471 2537 conficere
484 2481 639 2536 studerent.
689 2482 910 2536 commilitonum
923 2480 953 2534 in
961 2480 1050 2550 iisque
1059 2480 1164 2536 Brutus
1173 2481 1260 2536 inter-

81 2549 115 2604 id
136 2556 241 2608 π.7,8
268 2553 399 2609 oensem
423 2553 514 2608 Germ.
523 2551 558 2618 11,
571 2555 596 2617 3,
606 2555 639 2606 13
689 2551 756 2608 lecti
772 2557 867 2608 essent
885 2553 916 2606 in
933 2551 1100 2622 humumque
1124 2552 1262 2624 prostrati

80 2628 178 2691 umes
195 2626 232 2681 sd
251 2642 319 2680 eum
337 2626 429 2681 locum
449 2629 549 2681 notite
566 2630 639 2679 sunt.
689 2624 780 2679 mines
800 2625 915 2680 stiram
935 2624 1020 2679 etiem
1036 2624 1115 2681 vultu
1133 2624 1262 2679 ostende·

79 2692 134 2746 Nm
152 2695 363 2753 Mslobethrum
381 2696 491 2765 syrium
509 2696 559 2751 ie.
595 2696 641 2749 lu·
688 2701 760 2751 rent
791 2697 826 2751 cf.
844 2695 945 2753 Selust.
965 2695 1023 2750 Cet.
1041 2698 1085 2750 61.
1116 2700 1200 2769 Turpe
1218 2713 1262 2751 so-

80 2764 156 2819 dieun
171 2766 423 2835 (GermILlMii.
441 2768 462 2833 1,
473 2771 517 2830 31,
528 2770 572 2834 12)
589 2784 639 2821 un-
668 2766 748 2821 xlum
764 2768 874 2835 poetice
892 2766 1005 2827 dicitur.
1033 2767 1162 2836 quonism
1181 2766 1263 2822 ineo

79 2841 195 2903 mentum
213 2844 259 2894 est
289 2856 323 2894 ex
348 2840 515 2910 cognomine
537 2838 639 2893 frutice
689 2836 797 2893 mscule
820 2838 906 2893 cledis
929 2840 958 2891 ei
983 2838 1165 2907 turpitudinis
1195 2854 1260 2893 oon·

121 2925 229 2965 ressum.
689 2914 771 2979 cepte
788 2913 840 2963 est.
878 2908 1014 2964 Ludibrio
1027 2912 1120 2963 sutem
1139 2926 1187 2964 eos
1204 2910 1258 2963 lee-

125 2982 166 3034 ,9.
182 2980 333 3051 Siquidem
346 2980 538 3037 conviviorum
555 2982 639 3050 grets
688 2980 769 3044 dere,
797 2980 963 3049 quibuscum
991 2980 1051 3049 ipse
1077 2985 1262 3050 pugnarent,

79 3054 111 3101 est
128 3054 271 3119 memoria,
287 3070 349 3107 non
363 3052 476 3123 ingrste
490 3056 584 3106 temen
594 3055 639 3105 est
688 3052 724 3105 sb
741 3051 852 3105 Horetii
871 3052 963 3105 enimc
983 3050 1105 3105 alienum
1122 3056 1174 3107 est.

78 3118 145 3174 simu
162 3140 364 3195 perpessorum
389 3124 539 3191 mulorum3
569 3139 638 3191 ques
724 3122 754 3175 V.
768 3126 809 3177 13.
839 3122 999 3191 Mercurius]
1029 3122 1064 3177 Se
1087 3140 1139 3193 per
1167 3122 1261 3177 hostes

78 3196 213 3249 centurius
230 3212 279 3249 res
295 3195 363 3249 vide
378 3199 411 3249 ut
424 3198 510 3265 poete
519 3193 638 3248 diversis
687 3210 705 3247 s
730 3193 869 3248 Mercurio
903 3192 1044 3258 subletum
1076 3194 1116 3247 sit
1142 3192 1160 3249 i.
1179 3211 1202 3248 e.
1231 3210 1261 3247 se

78 3264 182 3333 impiis
199 3265 380 3321 distraxerit.
399 3296 432 3305 -
445 3264 555 3335 relicta]
571 3264 638 3317 Pes·
687 3265 796 3319 sbiects
829 3281 879 3333 spe
904 3280 982 3319 erms
1009 3266 1135 3333 posuisse
1163 3268 1193 3319 et
1224 3264 1261 3319 ed

77 3332 133 3387 uns
147 3342 189 3391 est
205 3354 308 3392 eornm
326 3336 474 3399 sententie,
498 3335 545 3405 qui
561 3336 638 3389 timi·
741 3336 793 3389 sim
812 3336 979 3405 confugisse,
1003 3335 1124 3390 amicum
1148 3336 1177 3389 in
1203 3336 1261 3389 bel·

78 3401 158 3461 ditetis
175 3412 205 3461 et
222 3408 356 3479 ignsvioe
372 3413 483 3476 turpem
497 3406 636 3476 quendem
697 3424 745 3460 um
762 3424 822 3461 esse
839 3412 998 3461 retrsotum.
1031 3406 1121 3461 Germ.
1130 3406 1178 3470 111,
1189 3410 1216 3470 4,
1224 3408 1259 3461 26

76 3475 262 3534 mulessionsm
299 3479 331 3533 in
357 3478 411 3533 hoo
437 3478 498 3533 loco
525 3477 637 3532 odorati
686 3477 806 3532 selutem
825 3494 854 3532 se
872 3478 1015 3532 Musarum
1032 3478 1138 3533 tutelae
1157 3477 1259 3533 debere

76 3552 135 3601 sunt
167 3548 242 3616 Quid
263 3548 360 3606 enim?
395 3550 425 3604 Si
449 3568 483 3604 es
506 3566 572 3603 rere
594 3566 636 3603 es·
686 3548 770 3617 dioit;
797 3548 952 3604 Mercurius
978 3552 1070 3603 eutem
1093 3566 1150 3603 uon
1167 3548 1258 3602 minus

76 3620 110 3694 §tt
139 3622 298 3687 sententie,
340 3622 480 3691 quomodo
522 3618 636 3675 tendent
686 3624 781 3675 custos
803 3624 847 3675 est
865 3622 1020 3689 posterum,
1051 3618 1259 3675 Mercurialium

77 3684 135 3743 idem
157 3690 294 3748 Horetins
324 3691 416 3761 Epist.
432 3691 459 3759 1,
474 3694 524 3755 20,
539 3694 574 3745 23
602 3708 636 3745 eo
686 3690 811 3745 virorum
838 3688 939 3763 (Germ.
957 3690 992 3757 Π,
1013 3694 1055 3752 17,
1074 3692 1125 3760 29).
1150 3720 1184 3731 -
1212 3712 1260 3759 pa·

76 3763 347 3835 nogrsnpotuisset
358 3762 635 3818 isotentieeetsrro·
684 3762 795 3830 semem]
825 3765 942 3832 propter
970 3762 1092 3815 volutum
1119 3779 1168 3831 per
1186 3761 1258 3816 eltes

76 3834 177 3897 mtise,
196 3840 228 3889 nt
246 3836 350 3905 primis
367 3852 398 3888 se
415 3834 482 3888 olim
496 3832 636 3902 placuisse
683 3833 782 3901 nubes,
801 3834 848 3903 qui
862 3837 960 3889 contre
970 3832 1117 3887 homonem
1128 3836 1259 3887 notorem

76 3897 255 3961 beliidncibns
265 3906 362 3977 pslsm
370 3904 560 3977 glorier-stur?
580 3904 635 3961 Sed
684 3908 735 3957 est.
771 3904 807 3959 cf.
823 3904 869 3969 1v,
887 3908 913 3971 4,
931 3906 956 3959 9.
992 3903 1143 3959 Praetores
1159 3908 1258 3959 noien-

72 3960 207 4056 loodicit:
232 3984 285 4061 »tn
294 3978 364 4031 mihi
375 3994 469 4032 comes
483 3992 544 4030 eres
558 3976 634 4059 opud
683 3974 751 4059 dum
768 3978 813 4029 est
831 3974 972 4030 fictionem
990 3974 1062 4029 benc
1080 3992 1141 4029 esse
1158 3974 1258 4029 Home-

76 4038 222 4192 l'iiffls
243 4048 490 4190 isitii
513 4052 634 4173 sicil
683 4044 1258 4199 ssffl·1l·iietstlititit

77 4200 159 4267 lim,
178 4194 331 4261 antequem
344 4196 467 4244 mortem
476 4188 633 4256 sibidnret,
682 4189 737 4243 bus
760 4189 854 4259 imsgo
874 4194 918 4245 est
945 4206 962 4242 a
986 4186 1133 4259 neufisgio
1158 4192 1256 4257 petite,

78 4258 156 4313 sulcis
174 4260 358 4317 vehementer
374 4261 493 4316 sossium
522 4260 633 4317 scimus.
683 4260 723 4314 ite
733 4264 835 4325 temen,
854 4257 1256 4329 uiteoitesignificeturPom·

79 4324 185 4407 Ceterum
209 4332 242 4387 in
264 4332 328 4399 hoc,
344 4348 454 4403 quoque
476 4333 539 4387 loco
556 4331 635 4386 festi·
682 4332 776 4400 peium
796 4348 884 4401 prope
904 4332 1022 4387 invitum
1041 4331 1077 4385 sd
1093 4330 1257 4385 continuen-

78 4401 134 4453 πίει
150 4403 283 4469 quaedem
301 4406 376 4458 bene
393 4403 517 4458 notendo
534 4407 586 4467 est,
602 4408 634 4458 et
682 4402 749 4457 dum
769 4402 874 4459 bellum
892 4406 1014 4458 tractum
1032 4401 1256 4473 frises-Erpa]

80 4467 630 4601 eunuc
681 4472 1255 4601 sessiacensis*

81 4614 123 4665 ltn'
135 4630 186 4670 non
199 4564 377 4673 difflue.
406 4614 489 4673 Docti
502 4616 630 4684 Romani,
679 4622 746 4686 ptus
763 4618 812 4685 sis,
828 4616 949 4687 primum
966 4562 1148 4685 iiisqgratisn
1171 4614 1255 4669 redde
