3125 5225
468 308 556 375 LIB.
577 306 638 374 IV.
660 304 798 375 OARM.
818 307 862 377 Π.

183 502 194 515 ‘
264 496 366 570 Dicit
390 506 428 569 et
452 508 602 571 centum
627 452 779 593 botiore
803 494 923 593 signis

221 656 248 695 so
364 620 524 695 Munere
550 617 684 715 donat,

188 831 193 842 ·
261 792 401 870 Flebili
427 817 588 893 sponsae
613 792 839 869 iuvenemve
863 804 1016 892 raptum

264 915 396 991 Plorat
421 928 458 993 et
480 916 582 992 viros
609 914 857 1016 animumque
880 942 1086 1017 moresque

264 1036 415 1117 Aureos
442 1038 570 1116 educit
594 1042 634 1116 in
660 1053 760 1116 astra
785 1042 975 1140 nigroque

261 1177 267 1190 “
363 1160 517 1238 Invidet
542 1160 657 1239 Orco.
740 1150 743 1163 ’

222 1372 249 1413 ιι
264 1338 387 1414 Multa
410 1338 617 1414 Dircaeum
640 1339 743 1415 levat
769 1366 863 1415 aura
887 1366 1058 1439 cycnum,

259 1462 411 1557 Tendit,
437 1460 595 1558 Antoni,
623 1464 773 1563 quoties
800 1466 841 1540 in
866 1460 964 1540 altos

262 1586 435 1659 Nubium
460 1599 611 1663 tracus
661 1586 745 1685 Ego
769 1588 853 1687 apis
877 1588 1048 1663 Matinae

364 1710 473 1787 More
498 1710 693 1811 modoque
980 1718 984 1721 ’

262 1886 385 1963 Grata
409 1884 596 1981 carpentis
621 1884 753 1983 thyma
777 1909 850 1982 per
874 1881 1048 1961 laborem

101 2010 106 2021 '
220 2039 246 2079 so
262 2004 479 2079 Plurimum
507 2005 607 2081 circa
632 1992 764 2081 nemus
791 2004 976 2105 uvidique

264 2125 421 2201 Tiburis
446 2126 550 2223 ripas
575 2150 736 2223 operose
759 2144 902 2225 parvus

364 2249 546 2327 Carmina
570 2248 687 2349 fingo.

262 2422 456 2501 Conciues
480 2421 626 2497 maiore
651 2432 767 2518 poeta
791 2401 939 2520 plectro

262 2546 480 2642 Caesarem,
509 2544 742 2644 quandoque
767 2544 892 2620 trahet
911 2544 1058 2622 feroces

78 2762 161 2819 uenis
178 2764 326 2836 patienia
344 2767 370 2818 ιι·
387 2780 422 2820 ex
445 2761 638 2833 praecedeuti·
690 2760 843 2835 scriptores
872 2764 967 2820 Ietini
999 2785 1047 2836 per
1078 2767 1183 2837 delam
1211 2786 1259 2836 per

75 2834 332 2908 bns—nomque]
351 2835 406 2890 duo
424 2851 522 2888 versus
539 2834 639 2906 hyper·
691 2841 768 2902 tram,
789 2857 837 2908 per
856 2843 948 2906 oetan,
967 2855 1015 2906 per
1032 2841 1129 2906 imas,
1148 2857 1197 2908 per
1216 2857 1264 2892 as·

76 2908 152 2961 nelri.
170 2937 204 2948 -·
221 2911 331 2963 incidas
350 2904 431 2976 Orco]
454 2922 519 2958 nam
538 2906 639 2960 »Ocelo
689 2913 852 2972 cessitatem,
862 2922 1006 2976 nunquam
1016 2905 1114 2962 addito
1126 2907 1261 2978 epitheto.

76 2973 142 3033 Musa
157 2977 251 3044 beet«,
272 2981 307 3033 nt
327 2979 372 3032 ea‘t
390 2974 535 3040 Carm.IV‚
552 2979 578 3044 8,
595 2979 638 3032 29.
689 2977 760 3031 'l'um
788 2980 881 3032 aulem
913 2977 983 3031 illud
1011 2981 1158 3048 plurimes
1186 2985 1262 3034 circa

76 3076 101 3086 -
116 3049 274 3120 Dircaeum]
296 3047 436 3102 Pindarus
455 3045 603 3102 Thebanus
622 3064 639 3102 e
689 3067 781 3104 mmor
800 3049 888 3104 multo
900 3050 1000 3120 opinor
1008 3047 1127 3104 nitidius
1144 3051 1173 3103 et
1181 3069 1265 3118 ποιη-

76 3115 140 3172 lonte
154 3119 241 3175 Dirce
260 3120 306 3176 sic
327 3117 494 3189 appellatus.
516 3147 555 3165 .-
587 3121 639 3173 Aa·
661 3125 665 3128 “
689 3115 834 3191 sandronas
868 3120 924 3176 erit
958 3135 1042 3188 quern
1069 3126 1145 3175 eirca
1172 3139 1265 3176 mmor

74 3191 127 3260 tom]
145 3189 186 3246 De
204 3191 304 3246 altera
323 3188 377 3244 hac
386 3189 555 3244 allocutione
567 3189 639 3244 bene
690 3189 764 3245 nude
779 3189 859 3246 aride
879 3208 914 3244 ne
931 3191 1080 3260 prolatum.
1107 3189 1264 3246 Ovidllet

73 3264 184 3315 ratetum
212 3265 262 3317 est
286 3260 327 3314 ab
350 3259 465 3326 Orellio,
483 3259 565 3314 citari
583 3261 639 3314 An·
690 3259 761 3328 XIV,
773 3263 834 3316 361.
862 3283 874 3310 ι
900 3260 1031 3316 lnrimum
1048 3277 1117 3316 vsro
1135 3277 1197 3316 esse
1215 3278 1265 3316 ne-

74 3332 164 3388 lonimn
181 3335 326 3403 tanquam
348 3335 460 3395 testem,
487 3330 640 3399 quiquam
690 3349 751 3388 mus
778 3333 855 3387 circa
876 3330 976 3402 Tibur,
1003 3332 1049 3386 vel
1076 3349 1113 3388 ex
1140 3333 1264 3388 carmine

73 3408 126 3458 vera
148 3405 219 3460 haec
252 3403 318 3458 sint
343 3401 406 3472 ipse
432 3402 471 3454 sit
498 3405 641 3472 expertus,
690 3404 818 3472 sequenti
831 3403 1148 3469 (v.11)satisconstat.‹
1168 3401 1262 3457 Bentl.

72 3470 156 3528 dende
172 3475 273 3544 parari
292 3473 333 3528 ad
349 3472 526 3540 insequentia
538 3472 639 3528 transi·
693 3505 722 3514 -
757 3473 872 3543 Tiburte]
891 3472 927 3526 cf.
947 3473 1037 3528 Germ.
1055 3473 1096 3540 11,
1113 3476 1139 3542 6,
1157 3476 1182 3528 5.
1211 3473 1261 3538 ΠΙ,

71 3547 126 3600 leun
151 3575 186 3586 -
215 3549 282 3618 apis
314 3542 449 3630 letinae]
474 3541 547 3597 Plat.
580 3543 639 3598 lon.
690 3545 733 3611 29,
752 3545 777 3598 6.
827 3543 916 3614 Ripae
933 3546 1028 3598 autem
1046 3548 1112 3598 snnt
1131 3543 1261 3614 Anienis;

71 3619 146 3681 {1534
158 3619 207 3672 Aa
237 3617 388 3686 »Λέγουσι
412 3633 465 3686 γαρ
483 3611 584 3685 πρόςὴ
609 3613 641 3674 ἃς
690 3631 776 3684 quare
788 3613 909 3670 Bentleii
927 3615 1090 3672 coniectura
1106 3615 1262 3671 ricornihil

71 3687 217 3754 οίποιιιταί,
241 3683 288 3742 ὅτι
309 3681 369 3740 ἀπὸ
386 3685 494 3756 κρηνῶν
511 3635 640 3757 poledisi·
690 3701 761 3756 opus
778 3689 830 3740 est

70 3775 113 3812 rm
132 3761 162 3814 lx
186 3759 324 3814 Μουσῶν
355 3750 451 3822 κήπων
478 3757 561 3811 τινῶν
594 3759 641 3810 καὶ
724 3755 810 3812 ΗΒ.
864 3755 960 3826 lectra]
978 3755 1043 3812 vide
1062 3755 1098 3810 ad
1117 3756 1206 3811 Germ.
1225 3755 1262 3827 ΙΙ,

71 3831 152 3884 uuor
167 3825 350 3901 δρεπόμενοι.
366 3825 401 3881 τὰ
418 3825 521 3899 μίληῆ
545 3833 572 3882 lv
590 3831 640 3901 φέ-
683 3829 784 3896 Δ1,40.
874 3831 967 3881 terum
998 3827 1134 3882 vocabula
1160 3833 1265 3883 maiore

70 3847 640 4029 circumciso
689 3901 1264 4041 nannum

132 4045 171 4098 lio
188 4041 359 4100 necessarie
377 4045 420 4095 est
437 4057 521 4110 epum
540 4011 641 4094 seduli³
690 4055 753 4095 men
770 4040 928 4095 necessario
945 4010 1045 4094 cinatu
1062 4041 1181 4105 careret,
1199 4055 1264 4110 pro·

70 4114 110 4169 lar.
133 4145 163 4156 -
189 4111 335 4180 naum]
362 4111 444 4166 Mons
463 4110 585 4166 Matinns
611 4110 640 4165 in
691 4103 811 4166 hibitnm
840 4116 884 4166 est
907 4114 1043 4166 consueta
1067 4111 1266 4166 vocabulorum

70 4183 164 4252 Apulia,
193 4187 245 4241 nbi
275 4183 339 4237 mel
366 4181 511 4252 optimum.
550 4181 640 4238 cam.
690 4181 838 4252 positione.
882 4181 1054 4236 bethmanni
1071 4181 1263 4237 coniecturam

71 4251 229 4324 111‚1e,ee.
264 4255 308 4322 11,
330 4255 419 4322 e,1t.
457 4251 640 4318 1,2e‚s.-
691 4258 814 4308 concinet
838 4251 985 4323 Hauptins,
1011 4251 1176 4320 Meinekius,
1200 4251 1266 4306 Lin-

72 4329 307 4401 nmlqnoniam
314 4322 640 4394 mellareddnnt.Episl.
689 4323 773 4378 iterus
790 4323 838 4379 hio
856 4327 885 4379 et
902 4326 973 4379 v.41
998 4327 1175 4393 receperunt,
1207 4341 1266 4378 non

72 4393 88 4456 Ι,
102 4401 125 4462 3,
141 4404 183 4454 21.
203 4431 235 4441 -
258 4417 315 4470 per
337 4395 472 4520 laborenq
502 4395 640 4450 laboriose
690 4393 1263 4468 nollem-quantoquqvidssdom

71 4473 206 4540 carpentis,
267 4465 554 4529 Salutl.Ceb1.‚o.?
581 4465 640 4520 »ln-
690 4463 737 4532 IV,
757 4471 781 4531 1,
800 4467 843 4522 17,
873 4495 907 4507 -
931 4485 1039 4521 samar
1062 4463 1170 4534 eliaam]
1198 4481 1266 4536 para

71 4550 156 4598 rentes
181 4543 213 4598 in
240 4537 356 4596 cestria
380 4539 565 4608 perlatorem
588 4555 640 4592 usn
694 4537 808 4592 acclivis
825 4537 886 4591 viae
899 4552 1005 4602 sacrae,
1023 4552 1079 4605 qua
1092 4535 1266 4606 triumphan-

72 4613 182 4670 mlilism
201 4611 369 4668 discebat«
393 4607 439 4662 Ita
455 4607 533 4677 loqui
551 4611 645 4662 amant
694 4611 738 4663 tes
758 4607 796 4662 ad
813 4607 982 4678 capitolium
999 4607 1088 4662 ibant
1119 4607 1156 4663 cf.
1173 4605 1266 4678 Epod.
