3125 5225
776 320 968 389 EPODON

571 506 755 582 Incendio
782 518 940 603 nuptam
966 506 1134 583 abstulit,

475 628 596 731 Atqui
621 656 694 707 nec
718 631 839 707 herba
860 656 932 707 nec
957 630 1079 707 latens
1103 634 1143 707 in
1168 630 1313 731 asperis

569 756 692 832 Radix
715 756 855 834 fefellit
881 784 944 835 me
969 758 1075 834 loeis.

472 886 664 961 indormit
686 889 812 961 unctis
840 888 1011 966 omnium
1036 890 1224 967 cubilibus

433 1044 457 1081 n
575 1010 782 1087 Oblivione
806 1012 1001 1111 pellicum.

473 1134 538 1210 Ah
565 1136 633 1211 ah!
660 1136 805 1212 solutus
831 1137 1005 1213 ambulat
1026 1138 1219 1216 veneficae

573 1261 793 1339 Scientioris
823 1264 1003 1339 carmine.

472 1386 560 1462 Non
585 1386 743 1485 usitatis,
770 1388 880 1485 Vere,
907 1390 1142 1488 potionibus,

572 1510 607 1589 Ο
633 1513 754 1588 multa
776 1514 953 1589 fleturum
982 1528 1113 1614 caput·

435 1674 460 1715 n
476 1634 542 1713 Ad
558 1664 619 1713 me
638 1664 810 1715 recurres
834 1664 905 1715 nee
928 1652 1061 1717 vocata
1080 1666 1186 1717 mens
1211 1653 1276 1716 tue

524 1826 534 1839 .
571 1765 707 1839 Marsis
733 1765 877 1840 redibit
902 1765 1073 1840 vocibus.

473 1889 598 1964 Maius
617 1890 775 1986 parabo,
803 1891 925 1965 maius
952 1888 1155 1965 infundam
1182 1888 1253 1965 tibi

571 2012 798 2089 Fastidienti
823 2012 1015 2113 poculum,

472 2138 662 2238 Priusque
688 2138 839 2214 coelum
864 2139 964 2215 sidet
986 2138 1149 2214 inferius
1176 2138 1275 2214 mari

432 2296 459 2334 u
575 2259 729 2339 T'ellure
754 2276 931 2362 porrecte
959 2287 1083 2362 super,

475 2389 599 2481 Quam
628 2398 706 2463 nori
733 2414 863 2463 amore
891 2390 946 2463 sie
971 2414 1056 2463 meo
1082 2389 1235 2485 flagres,
1261 2386 1317 2463 uti

531 2530 536 2537 ·
574 2512 751 2587 Bitumen
777 2512 868 2587 atris
893 2511 1059 2612 ignibus.

474 2636 555 2714 Sub
581 2637 676 2713 hoec
698 2662 795 2734 puer
818 2637 894 2711 iam
920 2613 1062 2711 non¹ut
1088 2647 1177 2712 ente
1201 2633 1384 2710 mollibus

574 2760 713 2835 Lenirs
735 2760 862 2835 verbis
887 2759 1036 2856 impias,

434 2923 461 2963 u
477 2885 555 2962 Sed
582 2883 720 2959 dubius
744 2882 849 2958 uude
872 2895 1068 2981 rumperet
1095 2881 1300 2980 silentium,

274 3097 320 3168 at]
349 3098 423 3152 risus
447 3113 513 3151 oum
541 3096 643 3150 acerbo
661 3095 846 3151 cavillotione.
898 3095 982 3166 citus]
1009 3095 1109 3151 Marsis
1131 3094 1317 3152 carminibus:
1348 3093 1384 3152 de
1412 3093 1479 3164 qui·

274 3200 309 3210 -
328 3168 443 3240 solutus]
473 3167 563 3238 Epod.
585 3171 625 3233 17,
643 3169 687 3222 46.
706 3197 737 3207 -
763 3167 869 3240 Vare].
896 3168 950 3222 bus
969 3167 1074 3224 Gellius
1091 3163 1163 3232 XVI,
1184 3169 1233 3222 11:
1261 3166 1365 3222 Marsis
1384 3165 1480 3222 homi·

273 3241 307 3296 ln
331 3239 476 3295 veteribus
502 3237 633 3294 carminis
657 3238 847 3308 inscriptioni·
897 3239 979 3294 nibus
997 3237 1025 3293 vi
1043 3239 1163 3308 quodam
1175 3237 1294 3310 genitali
1308 3238 1407 3294 dotum
1418 3241 1477 3302 cst,

273 3314 327 3369 bns
346 3312 600 3377 nomineturAlfim
614 3314 709 3371 Varus,
726 3309 847 3380 quiquis
896 3313 928 3364 ut
952 3309 1125 3379 serpentium
1152 3309 1355 3366 virulentorum
1382 3309 1478 3365 domi·

273 3381 360 3439 luerit
378 3381 526 3436 nescimus.
561 3381 666 3435 Ritteri
677 3381 845 3451 opinionem,
896 3385 972 3436 tores
1001 3382 1057 3436 sint
1084 3387 1113 3436 et
1139 3381 1345 3436 incentionibus
1370 3380 1479 3436 herbo·

273 3452 391 3509 indicari
409 3452 539 3506 Alfenum
566 3452 624 3506 sive
642 3452 775 3507 Alfinium
794 3453 844 3506 Vs·
897 3469 1014 3521 rumque
1033 3453 1105 3508 sucis
1124 3451 1229 3507 ferient
1239 3451 1413 3508 medelarum
1423 3453 1480 3506 mi·

274 3543 346 3593 rum,
366 3524 579 3579 Cremonensem
598 3523 666 3578 iuris
685 3524 847 3580 consultum
896 3523 1015 3578 recole«
1045 3521 1079 3578 ci.
1091 3523 1156 3578 Tse.
1166 3524 1240 3578 Anu.
1249 3523 1295 3588 IV,
1305 3526 1355 3578 22:
1389 3522 1481 3578 »Mox

273 3596 343 3722 golt.
362 3595 384 3660 Ι,
401 3598 428 3656 3,
448 3597 521 3662 190),
537 3594 607 3649 nihil
627 3599 670 3649 est
689 3596 765 3664 qnod
781 3611 846 3649 oon·
896 3593 1074 3659 Numantino,
1101 3595 1179 3665 prior
1197 3611 1269 3648 uxor
1292 3595 1361 3660 eius,
1390 3611 1481 3650 occu·

338 3670 375 3721 et.
410 3697 434 3705 -
465 3667 571 3738 uocata]
607 3666 752 3722 Sententia
778 3665 848 3722 haec
897 3669 957 3720 soto
973 3665 1101 3721 iniecisse
1120 3665 1289 3722 carminibus
1315 3671 1344 3722 et
1368 3663 1479 3722 venefi-

274 3743 331 3794 est:
349 3737 386 3791 ed
405 3753 451 3792 me
467 3753 606 3799 recurres,
632 3737 680 3791 sed
699 3755 755 3791 non
772 3737 846 3791 Mor·
896 3737 947 3791 ciis
968 3736 1127 3792 vecordiam
1145 3737 1256 3806 merim,
1280 3735 1376 3792 insons
1398 3736 1479 3792 iudi-

274 3825 321 3864 soe
339 3825 421 3863 voces
445 3810 463 3862 i.
483 3825 506 3860 e.
534 3825 591 3862 non
615 3808 742 3878 vulgaris
759 3807 848 3862 omni·
897 3811 1000 3863 cotun«
1044 3808 1133 3879 Epod.
1146 3811 1240 3873 1⁷,2s
1284 3807 1342 3862 liet.
1351 3807 1373 3873 1,
1387 3809 1415 3873 9,
1428 3811 1479 3864 29.

273 3881 382 3950 busque
398 3885 467 3934 noto
484 3881 568 3932 erunt
584 3881 715 3944 camina,
745 3879 847 3950 quibus
898 3911 929 3920 —
951 3883 1021 3934 atris
1040 3881 1157 3952 ignitur]
1185 3897 1249 3934 nom
1266 3879 1387 3934 etrumi
1410 3897 1480 3934 sum

274 3969 352 4006 mens
368 3956 418 4006 tuo
435 3954 535 4006 roceto
551 3951 586 4004 od
603 3968 647 4004 me
666 3951 779 4015 redibit,
798 3951 846 4006 secl
897 3949 1022 4006 bitumen
1040 3953 1133 4004 etrum
1152 3949 1340 4006 fumumedit.
1354 3949 1389 4005 el.
1417 3951 1480 4022 irg.

275 4021 665 4093 meinsporabovenefieinm.
684 4021 762 4077 Orirl
772 4021 846 4077 An.
897 4021 999 4091 θοοῖς.
1020 4021 1069 4082 ΙΙΙ,
1087 4024 1146 4076 451.
1176 4053 1204 4062 -
1234 4025 1281 4077 rut
1299 4019 1376 4092 tare]
1413 4021 1482 4077 ssa-

274 4095 385 4158 11‚106:
404 4093 528 4148 »Philtra
543 4097 647 4146 nocent
663 4093 762 4147 animis
778 4092 847 4146 vim·
897 4093 948 4148 tim
977 4097 1125 4163 postquam
1153 4091 1268 4150 Canidia
1293 4092 1361 4147 bose
1389 4091 1480 4147 (lixit.

275 4183 328 4236 que
347 4165 451 4220 luroris
478 4165 606 4218 hebent«
657 4164 749 4218 Aliter
767 4163 846 4218 Com·
897 4165 973 4218 Haeo
992 4161 1065 4218 enim
1082 4163 1223 4234 porticulo
1237 4168 1387 4246 utrumqne
1401 4167 1481 4218 tem-

275 4241 360 4291 ment.
380 4237 478 4306 Cruq.:
507 4234 563 4288 »ite
579 4239 608 4290 te
629 4233 750 4306 defigam
766 4235 847 4290 novis
897 4251 950 4305 pus
969 4233 1110 4305 significet
1129 4239 1158 4290 et
1176 4233 1252 4361 guod
1268 4251 1397 4306 proxuue
1423 4234 1482 4289 eli·

275 4311 304 4363 et
331 4308 452 4363 insolitis
480 4305 633 4374 meleficiis,
667 4312 699 4361 ut
726 4311 846 4361 mentem
898 4322 981 4376 quem
999 4322 1059 4360 rem
1075 4323 1177 4378 procos
1198 4307 1222 4361 it
1239 4310 1269 4361 et
1287 4305 1482 4375 quodstelim

274 4382 422 4448 nnnqnem'
442 4378 576 4448 recipies,
604 4377 712 4432 etiamsi
737 4378 847 4432 Marsos
899 4376 1033 4446 sequitur.
1079 4375 1119 4433 De
1139 4395 1194 4448 qus
1211 4394 1242 4432 re
1261 4393 1394 4448 comper-e
1412 4376 1481 4434 Set.

275 4449 329 4504 tibi
345 4450 493 4518 adhibeam
517 4449 605 4504 Marsi
631 4453 722 4503 sutem
748 4449 847 4504 ltaliae
897 4448 932 4514 11,
954 4447 1274 4516 s,430tonm.1‚s‚
1296 4452 1337 4503 19.
1365 4447 1422 4504 San
1436 4448 1480 4514 11,

275 4522 371 4590 populi
396 4523 438 4575 ito
454 4537 625 4575 venenorum
651 4520 730 4575 fuere
752 4521 847 4590 periti,
900 4523 923 4583 1,
943 4522 968 4575 9.
1003 4519 1162 4588 11,7,1os.
1198 4519 1291 4591 Epist.
1308 4519 1344 4588 Π,
1363 4523 1388 4586 9,
1411 4522 1483 4576 169.

276 4593 351 4644 utet
370 4591 457 4646 solive
473 4590 549 4645 soliti
563 4591 619 4646 sint
634 4593 719 4646 etism
734 4607 845 4647 morsus
898 4591 955 4646 Set.
967 4589 1003 4660 11,
1012 4595 1038 4662 7,
1048 4593 1093 4646 99.
1135 4591 1251 4657 1.1,1o.
1289 4589 1382 4662 Epist.
1394 4589 1482 4658 1‚16,

276 4676 375 4716 curare
404 4666 590 4731 serpentum«
617 4695 650 4704 -
676 4667 775 4719 Manis
803 4685 848 4720 oo·
897 4665 941 4717 22.
964 4693 993 4702 -
1013 4663 1118 4736 dubius]
1146 4667 1226 4720 tanto
1251 4662 1326 4719 enim
1351 4661 1481 4720 horrore
