3125 5225
299 233 363 301 424
759 235 1030 305 SATIRARUM

350 422 454 515 Quid
479 422 669 522 sculptum
694 424 858 521 infabre,
885 424 979 525 quid
1004 426 1133 501 fusum
1159 424 1291 501 durius
1318 438 1437 522 esset3
1556 402 1557 413 ἵ

350 547 522 626 Callidus
548 548 639 623 huic
664 550 775 648 signo
798 551 990 647 ponebam
1016 548 1124 627 milia
1147 562 1316 647 centuun

348 672 491 747 Hortos
518 674 771 773 egregiasque
798 673 932 749 domos
961 674 1166 751 mercarier
1192 700 1289 751 unus
1382 752 1387 764 ,

298 829 324 883 a
354 799 452 876 Cum
476 798 584 875 luero
611 825 765 875 noram:
793 797 897 876 unde
922 799 1141 899 frequentia
1164 798 1392 877 Mercuriale

347 919 574 1020 Imposuere
597 923 692 999 mihi
718 948 934 1021 cognomen
956 924 1134 1023 compita.
1184 923 1296 1018 Novi,

348 1046 397 1119 Et
420 1047 540 1121 miror
565 1047 692 1123 morbi
716 1059 923 1146 purgatum
950 1061 989 1123 te
1013 1046 1127 1123 illius.
1179 1047 1302 1147 Atqui

347 1169 502 1245 Emevit
526 1185 697 1249 veterem
723 1172 819 1247 mire
846 1198 979 1269 novus,
1010 1183 1051 1247 ut
1076 1171 1183 1268 solet,
1205 1174 1246 1249 iu
1268 1198 1336 1251 eor

348 1294 522 1369 Treiecto
547 1294 679 1370 lateris
705 1294 836 1371 miseri
861 1297 1045 1396 capitisve
1072 1295 1224 1374 doloret

299 1450 326 1489 so
350 1418 401 1494 Ut
426 1417 657 1517 lethargicus
682 1418 745 1493 hio
772 1444 859 1493 oum
883 1420 928 1494 fit
952 1419 1061 1520 pugil
1087 1433 1126 1495 et
1148 1418 1344 1498 medicum
1378 1432 1491 1519 urget.
1556 1484 1557 1513 ι

349 1542 452 1616 Dum
478 1568 527 1617 ne
553 1540 649 1641 quid
670 1541 796 1617 simile
815 1542 915 1639 huic,
935 1554 1015 1619 esto
1031 1543 1188 1619 utlibet.
1216 1542 1379 1641 Oboda,
1398 1568 1444 1621 ne
1458 1558 1491 1620 te

244 1704 247 1709 ·
348 1664 565 1741 Frustrere:
590 1665 733 1740 insanis
760 1677 798 1741 et
821 1679 864 1743 tu
890 1666 1075 1765 stultique
1100 1690 1223 1763 prope
1249 1692 1394 1763 omues,
1556 1646 1557 1649 Ἴ

351 1791 393 1867 si
423 1790 517 1890 quid
541 1792 743 1869 Stertinius
769 1792 852 1867 veri
877 1805 1018 1891 crepat,
1046 1790 1150 1868 unde
1174 1816 1246 1889 ego
1274 1790 1374 1867 mira

351 1917 545 2015 Descripsi
571 1916 706 1993 docilis
730 1930 937 2015 praecepta
961 1916 1066 2013 haee,
1093 1928 1267 2015 tempore
1296 1942 1373 2016 quo
1399 1942 1457 1993 me
1556 1962 1557 1965 π

299 2072 325 2113 a
352 2040 504 2118 Solutus
529 2041 637 2118 iussit
661 2042 872 2139 sapientem
898 2066 1053 2139 pascere
1079 2041 1239 2117 barbam

300 2236 437 2293 historiae
446 2235 603 2291 docebant:
618 2235 878 2309 anxieoireumspe·
930 2254 992 2292 rum
1017 2234 1159 2291 hominurn
1183 2252 1230 2292 res
1257 2236 1385 2301 curandi,
1414 2236 1493 2307 priori

302 2308 601 2364 stabantvaaeulorum
619 2308 880 2379 amatorea,ecquid
930 2308 977 2364 vel
1002 2308 1122 2364 maxime
1144 2308 1328 2367 contrarium.
1371 2307 1493 2365 Horatius
1556 2342 1557 2349 ι

303 2396 339 2434 ex
355 2378 525 2435 testimoniis
543 2383 671 2435 veterum
684 2384 879 2435 monumento·
966 2398 981 2434 r
1014 2382 1105 2435 totum
1136 2396 1293 2436 samonem
1325 2380 1494 2437 brevissimus

302 2468 364 2505 rum
382 2456 478 2521 posset
494 2451 562 2517 erui,
581 2468 635 2522 quo
654 2452 769 2522 planum
787 2450 878 2517 fieret,
951 2468 1000 2507 aso
1025 2451 1119 2507 dicere
1141 2468 1199 2507 non
1223 2455 1321 2522 potest
1346 2451 1401 2507 nisi
1430 2448 1494 2504 male

303 2522 475 2577 insidaorum
491 2521 570 2577 illam
588 2523 781 2593 opinationem
798 2540 834 2578 ne
844 2524 879 2579 de
931 2523 1049 2579 servatis
1067 2523 1202 2594 partibus.
1221 2552 1254 2565 -
1280 2522 1361 2595 nire]
1382 2520 1494 2594 Egregie

302 2593 424 2650 mealia
451 2594 566 2666 quidam
597 2593 690 2651 valere
717 2594 879 2654 Corinthiis.
930 2594 1094 2652 adverbium
1111 2598 1255 2666 sumptum
1274 2599 1320 2652 est
1338 2613 1373 2652 ex
1392 2608 1495 2665 praecc-
1556 2661 1557 2664 Ἴ

302 2665 428 2722 Excitati
447 2666 693 2737 adquaerendam
716 2667 881 2724 insidebant
930 2667 1010 2722 denti
1029 2667 1117 2722 verbo
1130 2673 1226 2722 miror.
1268 2667 1387 2724 Horatio
1403 2666 1494 2720 mirum

304 2737 335 2792 in
358 2738 505 2808 Aeschylei
537 2737 649 2810 Sisyphi
674 2733 880 2811 λεοντοράμονα
931 2739 1021 2794 visum
1040 2742 1092 2802 eat,
1111 2738 1187 2808 quod
1197 2737 1312 2794 Stoicum
1322 2741 1415 2796 vetere
1426 2752 1492 2792 arer-

304 2801 417 2882 σκάφην
423 2804 603 2882 χαλκήλατον,
624 2828 708 2892 quam
723 2811 824 2881 cupide
835 2828 880 2866 ar·
930 2811 967 2866 bo
985 2809 1120 2865 liberatus
1141 2811 1189 2878 sit3
1209 2808 1448 2866 Stoicus-acutius
1468 2809 1492 2860 et

304 2881 456 2952 ripiebant.
481 2882 588 2952 Nempe
609 2881 743 2953 Snypbus
760 2881 880 2938 Aeolida
930 2880 1099 2946 mordacius,
1118 2883 1148 2934 ut
1167 2881 1222 2936 sibi
1239 2881 1362 2948 videtur,
1387 2895 1493 2950 respuu-
1556 2889 1557 2956 f

305 2951 434 3009 Corinthi
457 2953 569 3009 brabit
591 2953 678 3024 pedes
702 2953 881 3010 hauddubie
931 2953 993 3008 det:
1015 2957 1108 3008 »reete
1119 2951 1227 3019 mirum,
1239 2953 1290 3008 aad
1300 2953 1493 3008 mirereteram
1556 2973 1557 2976 ¹

198 3061 209 3081 ι,
305 3040 369 3079 aere
376 3024 530 3079 Corinthio.
548 3023 582 3080 In
600 3042 634 3080 eo
647 3029 743 3080 autem
751 3018 881 3096 ζητήματι
930 3039 1020 3080 novus
1039 3027 1152 3079 secutus
1168 3027 1213 3078 ast
1229 3025 1356 3093 morbus,
1383 3025 1414 3078 ut
1430 3021 1495 3075 solat

305 3094 406 3159 callide
426 3095 561 3152 solvendo
574 3095 880 3165 occupatumaefuisse
933 3093 1024 3163 fieriu
1055 3095 1085 3150 iu
1110 3112 1165 3164 quo
1190 3095 1264 3150 ineat
1289 3096 1321 3151 id
1341 3093 1416 3167 quod
1432 3089 1493 3155 vulla

304 3166 345 3222 ait
362 3165 558 3238 Damasippus,
584 3185 639 3238 quo
657 3169 768 3238 probet,
788 3185 818 3222 se
834 3168 881 3223 val
932 3169 1042 3222 tautum
1061 3167 1159 3222 abesse
1175 3171 1208 3222 ut
1225 3167 1330 3222 nauum
1348 3167 1394 3234 eit,
1410 3169 1442 3220 ut
1456 3179 1494 3217 re·

306 3255 410 3294 arcana
420 3238 524 3293 artium
536 3237 689 3309 attigisse«
710 3239 763 3294 Et:
783 3239 880 3294 »iutel-
931 3239 1008 3293 leant
1026 3237 1152 3294 hemines
1169 3255 1204 3292 ex
1223 3237 1315 3294 altero
1336 3239 1367 3294 iu
1384 3235 1494 3291 altarum

306 3309 425 3380 ligemus
446 3309 542 3380 igitur,
563 3309 617 3365 hoc
633 3309 688 3366 sibi
700 3310 770 3365 velle
780 3309 881 3366 Dama·
931 3309 1056 3364 incidere
1067 3309 1203 3365 morbum.
1221 3309 1371 3366 Horlmlius
1383 3304 1494 3364 coniecit

306 3381 426 3464 sippum,
451 3382 546 3436 oeulos
570 3398 600 3436 sa
624 3381 654 3434 in
671 3381 823 3437 virtutibus
842 3381 881 3438 vi-
932 3380 1113 3437 soribeudum
1135 3387 1305 3437 sasenates
1323 3391 1420 3446 aaran
1444 3391 1494 3446 qut
1556 3397 1557 3406 ¹

303 3453 408 3522 tuaque
423 3452 528 3507 artium
544 3452 734 3524 expendendis
745 3455 880 3508 exmoita·
933 3452 1104 3518 coniectura,
1121 3469 1290 3522 quamquam
1307 3449 1436 3508 neuim
1448 3449 1493 3509 att,

304 3524 403 3580 vinces
416 3553 448 3563 -
461 3523 635 3594 Mercuriale]
655 3523 702 3580 sie
711 3524 810 3595 optimi
821 3524 881 3594 qui·
932 3523 988 3578 loci
1006 3528 1107 3578 natura
1123 3526 1258 3580 mutatu.
1279 3551 1312 3564 -
1339 3525 1493 3590 laetargum

306 3610 359 3664 que
377 3594 502 3663 codicem
529 3593 579 3648 alii
597 3599 765 3652 decuriati.
803 3595 881 3667 Ergo
933 3593 987 3665 tte]
1013 3595 1062 3664 qui
1081 3612 1115 3650 ex
1130 3593 1271 3665 lethargia
1288 3590 1493 3665 expergefaetus

305 3665 352 3720 hic
380 3683 490 3736 qnoque
518 3669 694 3722 Mercurialis
722 3670 779 3734 eat;
811 3683 883 3722 nova
933 3665 1027 3720 subito
1045 3665 1210 3722 adtentum
1224 3667 1351 3738 rigorem
1363 3661 1494 3725 rediibUl

307 3737 412 3791 iterum
430 3737 659 3793 cumHoratiose
677 3737 881 3808 quodammodo
932 3737 1024 3808 ipsum
1034 3737 1172 3794 medicum
1186 3739 1289 3808 pugnis
1299 3737 1418 3808 peteret.
1430 3731 1494 3814 ²⁴⁸9

307 3808 490 3878 comparandi
514 3809 597 3890 ratio,
625 3809 754 3892 quoniam
780 3815 881 3878 poetae
934 3807 1017 3864 »dum
1026 3807 1119 3864 vitam
1129 3808 1208 3862 stulti
1220 3809 1299 3874 vitia,
1317 3809 1347 3863 in
1363 3809 1494 3882 contrua

306 3879 882 4022 tffttttdttttttttftatsttu
931 3879 1270 4022 ttttttutttttt
1284 3869 1493 4028 diffidi

306 4023 412 4078 Romae
430 4024 626 4077 mercatorum.
645 4021 681 4078 et.
700 4022 760 4078 Lis.
780 4021 817 4089 11,
837 4027 881 4078 27.
931 4022 1045 4092 rieutis'3
1064 4019 1492 4079 indeiocesereritualloratrus:

308 4123 341 4133 -
362 4095 435 4164 aava]
455 4092 566 4148 Horatii
584 4098 658 4148 suut.
693 4093 737 4148 De
754 4095 881 4164 genitivo
934 4093 1016 4148 »dum
1033 4111 1068 4149 na
1087 4095 1154 4165 quid
1171 4094 1261 4150 simile
1280 4091 1359 4158 huic,
1386 4092 1444 4146 calo
1465 4087 1493 4140 ul

306 4168 393 4220 naurdi
410 4164 446 4221 cf.
466 4164 502 4220 ad
514 4163 603 4220 Carm-
613 4164 776 4230 11,e,1e.-
793 4165 880 4237 atqua]
931 4165 1026 4220 libet«
1046 4164 1121 4224 Haec
1132 4167 1192 4221 sola
1202 4166 1289 4222 verbe
1297 4161 1415 4220 Hoetu
1432 4157 1493 4212 ΡΝ·

306 4235 384 4294 Haec
398 4235 567 4308 Damasippo
584 4235 749 4292 tribuantur
766 4253 881 4293 neceam
931 4253 1033 4293 nomen
1060 4225 1104 4292 tle
1128 4237 1262 4308 proponit
1282 4233 1444 4360 exemplum·
1459 4229 1493 4310 ‚ul

307 4312 358 4364 est
377 4307 571 4364 Mortassnim
589 4308 625 4362 ab
635 4307 753 4364 Horatio
771 4309 881 4379 positus
931 4310 1011 4364 uit.
1023 4311 1082 4363 162.
1102 4337 1134 4350 -
1152 4307 1281 4379 [mure]
1303 4305 1361 4362 »No
1398 4307 1429 4358 lc
1445 4299 1493 4354 ltbl

308 4384 370 4436 erat
395 4395 447 4451 pro
465 4381 568 4435 vitioso
590 4378 640 4434 ille
665 4379 881 4436 coemendarum
930 4379 1045 4449 timere3
1063 4397 1116 4450 ego
1134 4379 1208 4434 enim
1227 4395 1283 4436 nou
1301 4395 1362 4433 rum
1377 4374 1491 4431 maanus

307 4467 403 4506 rerum
428 4452 537 4522 studim
566 4449 641 4521 quod
668 4451 837 4508 venabulum
865 4469 882 4508 a
930 4450 1323 4521 tulnaauisetornnaaprope
1333 4445 1490 4528 uniant«

307 4521 402 4578 Stoico
426 4522 521 4579 iocose
549 4524 703 4578 assumitur
721 4521 758 4578 ad
775 4523 881 4594 signifi-
930 4521 989 4578 Iam
1006 4521 1088 4578 adest
1105 4541 1162 4594 qun
1179 4521 1277 4578 voluit.
1289 4549 1321 4560 -·
1338 4510 1489 4597 stangrund
1556 4541 1557 4548 ¹

308 4593 427 4650 eandum
444 4612 524 4651 suam
548 4611 651 4652 nerum
669 4595 795 4653 stadium
812 4593 880 4653 alie·
929 4589 1489 4666 Epnt.1‚12,20,ubtnn0:»surtmu
