3125 5225
739 248 1015 361 ..eruemur

438 475 486 549 Et
510 474 657 575 Lycum
682 476 804 575 nigris
832 473 953 580 oculis
979 474 1170 574 nigroque

542 599 657 678 Crine
683 599 878 676 decorum.

441 745 475 824 Ο
504 747 618 824 decus
644 746 791 852 Phoebi
817 759 854 820 et
880 746 1044 842 dapibus
1066 746 1235 845 supremi
1314 764 1320 772 '

442 877 561 952 Grata
589 871 737 951 testudo
753 849 879 966 Iovis,
905 871 1133 948 claborum

398 1029 421 1069 ιι
440 998 561 1073 Dulce
585 997 764 1092 lenimen,
793 996 888 1070 mihi
910 1021 1062 1096 cunque
1086 995 1192 1074 salve

539 1121 624 1200 Rite
647 1119 811 1198 vocanti.

678 1487 869 1574 Onuuuu
900 1488 1092 1574 XXXIII.

490 1655 593 1752 Albi,
620 1679 670 1732 ne
696 1653 826 1730 doleas
851 1653 939 1753 plus
967 1656 1088 1730 nimio
1113 1677 1262 1730 memor
1289 1685 1292 1691 ¹

489 1778 652 1853 Immitis
678 1777 868 1876 Glycerae
892 1801 966 1850 neu
992 1775 1229 1852 miserabiles

293 1979 447 2042 Horatium,
467 1977 511 2034 vel
524 1995 587 2034 cum
598 1980 701 2044 dativo,
721 1980 778 2034 Set.
790 1979 811 2043 1,
822 1982 863 2041 10,
917 1977 1021 2032 amoris
1039 1977 1151 2032 viuculo
1168 1978 1302 2048 coniungi
1322 1977 1492 2033 ostenditur.

292 2055 336 2116 49,
348 2050 394 2105 rel
407 2067 471 2104 cum
484 2051 607 2106 ablativo
617 2054 647 2105 et
655 2051 865 2121 praepositione
916 2049 1088 2119 Compositio
1117 2048 1250 2103 carminis
1281 2050 1309 2103 el
1361 2049 1493 2104 utiamme

292 2129 330 2189 in,
343 2121 400 2176 Sat.
412 2122 432 2185 l,
442 2125 468 2186 3,
481 2125 514 2175 32
528 2123 572 2176 vel
587 2139 650 2176 cum
663 2124 722 2177 solo
732 2121 866 2184 ablativo,
915 2126 965 2174 est.
1015 2119 1059 2173 Ex
1085 2123 1220 2189 quattuor
1247 2124 1327 2191 strop
1349 2122 1371 2174 's
1397 2122 1493 2191 prima

294 2193 382 2248 Curru.
394 2193 415 2258 Ι,
426 2197 450 2258 2,
462 2196 487 2248 9.
505 2193 561 2247 Sat.
578 2193 614 2258 Il,
632 2195 658 2257 8,
673 2197 733 2249 205.
756 2221 791 2233 -
816 2195 866 2263 tu·
905 2191 1056 2249 ‚Tibullum
1079 2196 1194 2246 revocet
1215 2208 1232 2245 a
1257 2192 1344 2246 nimie
1362 2192 1445 2247 luctu
1463 2197 1494 2246 et

293 2265 361 2334 cum]
381 2263 460 2335 puori
479 2266 564 2319 amati
581 2281 697 2335 nomem
727 2264 762 2319 de
780 2281 812 2318 re
830 2263 864 2317 cf.
915 2262 1089 2332 querimonia
1126 2263 1162 2317 de
1193 2262 1312 2332 pertidia
1340 2263 1493 2332 Glycerue3

292 2335 348 2391 (lic.
359 2335 441 2390 Tuso.
452 2334 497 2399 IV,
508 2338 551 2391 83.
569 2363 598 2374 -
614 2341 701 2406 satyris
721 2339 806 2390 oculte
825 2340 865 2390 at·
916 2333 1023 2388 mediae
1042 2339 1073 2387 et
1091 2334 1182 2388 tribus
1199 2334 1275 2388 inter
1300 2351 1331 2389 se
1348 2335 1493 2405 copulatis

291 2427 390 2480 proque
407 2406 496 2530 ml
1486 2407 1492 2417 '

518 2406 650 2476 Antiquis
668 2407 748 2479 niger
770 2406 864 2462 oculo·
916 2405 1048 2475 exemplis
1073 2419 1168 2458 amora
1192 2421 1251 2460 nou
1277 2423 1390 2476 semper
1408 2407 1494 2478 gigni

293 2494 354 2533 rum
373 2480 402 2531 ct
423 2475 588 2546 capilorum
613 2477 691 2532 color
711 2477 865 2549 pulchritu·
916 2491 1039 2530 amorem
1065 2475 1262 2531 demonstrant
1287 2481 1318 2531 et
1343 2479 1495 2532 continent

292 2549 388 2603 dinem
405 2548 511 2602 formae
529 2565 630 2620 sugere
648 2550 802 2618 visus·est;
829 2548 865 2603 ci.
916 2549 1074 2602 uniuersam
1099 2547 1177 2601 illam
1204 2548 1239 2602 de
1258 2547 1356 2603 iocosa
1371 2549 1497 2604 saevitia

292 2620 381 2689 Epist.
400 2621 422 2688 1,
438 2623 462 2687 7,
475 2623 509 2675 26
544 2622 575 2675 A.
594 2622 623 2675 Ρ.
638 2624 680 2675 37.
702 2650 733 2661 -
753 2624 865 2691 dapidus
917 2619 1032 2673 Veneris
1052 2620 1226 2674 sententiam.
1246 2620 1280 2683 of.
1300 2620 1337 2675 ed
1356 2620 1453 2675 Germ.
1473 2620 1495 2686 1,

294 2712 368 2763 supr.
393 2690 473 2760 locta]
491 2691 555 2745 vide
573 2690 652 2747 Hom.
673 2692 703 2745 ll.
723 2692 744 2760 l,
755 2694 817 2746 603.
831 2722 865 2730 -

296 2761 410 2834 raeque]
429 2760 462 2817 H.
473 2762 492 2815 1.
504 2780 568 2817 cum
586 2780 642 2817 nou
653 2763 755 2817 babeat
771 2763 866 2817 relati-

293 2850 357 2889 vum
382 2833 418 2887 ed
439 2834 514 2902 quod
539 2832 684 2898 referetur,
710 2833 866 2888 sententiae

293 2906 462 2960 noesseltete
489 2921 551 2959 cnm
582 2905 730 2975 participio
758 2910 866 2959 vocanti

295 2977 483 3046 coniungitur.
492 2974 636 3047 Significat
645 2980 738 3031 autem
747 2980 796 3029 aut
804 2996 867 3046 quo·

293 3066 342 3118 que
361 3060 478 3118 tempore
490 3054 538 3102 eut
549 3052 663 3103 omnino.
682 3044 866 3102 scholiastae:

310 3124 500 3189 aotiearunque
524 3130 549 3173 te
572 3138 710 3173 vocavero.
762 3119 868 3172 eontra

293 3138 462 3243 lachmann.
476 3189 511 3244 ad
521 3188 633 3244 Lucret.
645 3206 672 3259 p.
684 3192 751 3245 288:
772 3195 867 3244 »Cam-

295 3280 344 3383 ἵιια
369 3261 423 3314 uisi
450 3276 511 3343 oum
536 3259 661 3314 relativis
686 3260 868 3343 coniunctum

295 3331 662 3472 utereturque
665 3334 749 3456 tt·
766 3348 868 3457 trit

295 3475 368 3527 satae
388 3473 497 3538 (volunt
519 3474 592 3527 enim
617 3472 670 3529 hoc
696 3489 756 3528 esse
776 3424 868 3529 »salve

295 3542 424 3612 quotiens
451 3544 486 3597 de
510 3544 648 3599 advocor:
677 3550 707 3598 at
731 3560 783 3598 cur
808 3546 869 3613 lyra

294 3614 363 3668 alias
375 3608 411 3669 'ei
429 3632 486 3669 non
505 3616 653 3683 salmati),
682 3616 731 3669 sed
757 3616 868 3685 scripsit

295 3706 310 3738 o
330 3690 451 3740 luterum
469 3688 675 3741 detectorem
688 3690 868 3757 medicumque

295 3759 395 3811 salves
416 3756 556 3813 Bentleius
568 3763 671 3827 vulqus,
691 3756 867 3827 Peerlkamp,

295 3839 383 3897 euque.
420 3828 474 3883 Sed
498 3828 592 3882 iubis
616 3828 785 3884 coniecturis
811 3845 869 3882 non

294 3899 399 3953 certior
417 3900 491 3953 salus
509 3901 591 3963 inest,
617 3917 698 3969 quam
719 3902 748 3953 iu
768 3905 869 3954 itineri

295 3973 408 4035 conatu,
419 3972 467 4041 qui
476 3976 642 4041 mittereque
653 3988 735 4026 ausus
750 3974 794 4025 eet
804 3987 869 4025 cou-

294 4040 420 4112 iungere,
433 4046 466 4095 ut
478 4041 530 4095 sit:
548 4042 625 4110 mihi,
636 4043 791 4111 quicunque
808 4059 868 4096 suni

295 4112 320 4166 b.
342 4129 365 4167 e.
385 4113 575 4181 cuiuscunque
613 4113 678 4167 retii
700 4130 768 4169 sum.

433 4184 579 4240 Carmen
647 4184 720 4238 XIII.

329 4254 419 4325 Caput
441 4255 580 4319 cummis,
612 4272 667 4325 quo
693 4255 806 4310 Albium
824 4254 870 4307 Ti·

295 4326 410 4392 bullum,
431 4326 621 4381 dulcissimum
640 4326 792 4396 elegiarum
804 4342 870 4395 poe·

291 4402 358 4465 tam,
386 4398 421 4453 de
444 4396 564 4467 perfidia
582 4398 715 4465 Glycerae
734 4396 869 4452 Horatius

293 4469 464 4531 consolatur,
494 4468 667 4539 conspicitur
686 4484 731 4521 vv.
754 4472 868 4535 10-12‚

916 2694 959 2755 28,
973 2692 1013 2744 16.
1033 2689 1138 2757 Quarta
1152 2691 1270 2760 denique
1284 2691 1402 2762 stropha
1411 2708 1497 2746 suam

917 2778 977 2815 rem
994 2765 1024 2816 et
1041 2761 1234 2817 condicionem
1245 2762 1394 2817 admodum
1415 2762 1499 2817 simi·

916 2832 972 2887 lem
984 2832 1119 2887 Horatius
1139 2832 1242 2888 blande
1261 2834 1406 2904 componit
1427 2850 1498 2889 cou-

917 2903 1116 2972 sulationisque
1134 2916 1218 2958 causa
1229 2906 1317 2960 tacite
1331 2905 1429 2959 oblata
1441 2906 1497 2959 ini·

917 2976 987 3028 tium
1004 2992 1067 3029 cum
1084 2974 1139 3028 fine
1156 2976 1270 3047 egregie
1286 2976 1447 3048 coniungit.
1464 3008 1496 3016 -

917 3047 1013 3100 Albius
1030 3046 1160 3100 Tibullus
1178 3077 1213 3087 -
1237 3064 1302 3101 uam
1319 3064 1498 3117 praenomen

917 3120 1085 3243 crete
1102 3124 1501 3261 reuertente?

917 3260 1003 3315 babili
1014 3265 1106 3314 tamen
1118 3260 1279 3316 coniectura
1296 3260 1328 3315 id
1339 3260 1502 3316 effecerunt

917 3332 971 3385 viri
989 3331 1074 3395 docti,
1093 3334 1126 3383 ut
1143 3332 1179 3385 ab
1196 3350 1269 3387 anuo
1279 3335 1331 3387 eet
1341 3332 1503 3387 adunnum

918 3405 971 3457 786
985 3420 1011 3456 n.
1022 3419 1046 3456 c,
1064 3402 1167 3455 vixisse
1183 3420 1248 3458 eum
1267 3404 1406 3459 credetur.
1427 3402 1502 3471 Gly-

918 3490 983 3527 cera
1010 3477 1102 3527 autem
1133 3490 1204 3542 quae
1230 3476 1314 3529 tuerit
1342 3476 1502 3537 nescimus,

919 3561 1084 3613 quamquam
1098 3545 1180 3597 multi
1196 3545 1308 3600 fuerunt
1317 3546 1505 3616 qquropter

919 3616 1036 3669 eandem
1055 3616 1226 3684 syllabarum
1241 3616 1430 3686 quantitatem
1441 3617 1505 3671 Ne·

918 3687 1013 3740 mosim
1042 3702 1102 3741 csse
1129 3692 1351 3758 computarent,
1378 3689 1414 3743 ds
1440 3705 1508 3759 qua

919 3774 954 3812 ax
970 3757 1075 3812 Tibulli
1093 3759 1264 3813 carmInibus
1290 3761 1345 3813 trie
1370 3763 1439 3815 sunt
1471 3762 1505 3813 iu

918 3828 993 3884 libro
1012 3830 1143 3892 secundo,
1164 3829 1235 3897 cleg.
1249 3834 1274 3885 8.
1286 3832 1312 3885 4.
1326 3833 1356 3899 6;
1377 3831 1426 3885 alii
1450 3848 1506 3884 ne-

920 3898 1090 4025 ddiiunl'hille
1104 3916 1185 4025 ιιιῖιιοι
1195 3900 1278 4026 1ιιιίιιιιιει
1295 3902 1428 4028 affin
1450 3918 1508 3957 na·

996 3990 1025 4026 m
1091 3988 1126 4041 po
1142 3988 1170 4026 es
1207 3989 1239 4027 ca
1269 3990 1314 4027 ra
1417 4014 1424 4038 ,
1455 3991 1509 4027 su·

920 4042 1064 4112 spicautur
1081 4046 1176 4097 tamen
1194 4044 1332 4114 scriptum
1347 4060 1408 4099 esse
1418 4045 1510 4098 intra

920 4130 1007 4168 anuos
1026 4116 1175 4168 tte-reo.

956 4186 1024 4240 v.1.
1059 4188 1119 4254 plur
1138 4184 1233 4253 nimiu]
1260 4184 1381 4255 Propter
1398 4200 1510 4239 oeeou·

920 4272 982 4338 ram
1000 4256 1106 4311 rectius
1132 4254 1201 4310 baec
1224 4270 1288 4309 cum
1313 4277 1412 4311 memor
1438 4257 1530 4310 adi.

921 4330 1136 4459 territt
1152 4328 1512 4454 qttttttttlftt

919 4468 1003 4524 mulis
1024 4486 1087 4525 cum
1105 4485 1164 4525 rem
1184 4469 1307 4538 abquam
1323 4468 1437 4523 modum
1450 4488 1514 4525 ex·

294 4540 395 4607 quibus
418 4539 535 4595 Veneris
560 4539 667 4593 crudeli
694 4556 777 4609 saepe
805 4540 868 4594 ioco
919 4540 1021 4595 cedere
1038 4539 1160 4595 indicat:
1180 4545 1242 4613 plur
1262 4546 1345 4596 nlntio
1364 4540 1463 4595 Germ.
1487 4544 1516 4607 Ι,

295 4608 419 4663 homines
448 4609 537 4663 forma
564 4614 594 4663 et
618 4611 710 4664 animo
741 4610 869 4665 diversos
922 4614 962 4675 18,
976 4615 1017 4665 lt.
1043 4608 1134 4683 Epist.
1152 4611 1173 4675 l,
1196 4614 1237 4678 10,
1256 4614 1305 4681 303
1324 4615 1384 4684 plan
1407 4634 1514 4683 ecquo
