3125 5225
473 262 574 331 cla.
593 262 621 329 1.
643 261 744 331 SAT.
764 260 825 329 IV.
1075 362 1084 377 ,
1190 264 1254 330 369

109 450 196 527 Sive
220 451 385 548 vetabat,
411 449 474 527 An
501 450 574 527 hoc
595 440 837 527 inhonestum
861 462 899 527 et
924 451 1059 527 inutile
1085 452 1190 527 factu

72 574 235 651 rsNecne
260 576 310 651 sit
334 573 549 671 addubites,
571 575 709 671 flagret
733 600 888 651 rumore
917 574 1019 651 malo
1045 600 1131 651 cum

110 700 185 774 Hic
206 712 323 798 etque
346 698 437 777 illc?
488 697 637 774 Avidos
663 700 832 775 vicinum
859 702 975 775 funus
1001 712 1043 774 ut
1068 726 1204 799 aegros

107 823 307 898 Exanimat
330 824 541 923 mortisque
566 837 671 899 metu
696 824 768 899 sibi
794 850 952 921 parcere
980 825 1101 922 cogit,

108 946 169 1022 Sic
193 960 346 1022 teneros
372 948 519 1023 animos
545 948 671 1024 aliena
697 948 907 1047 opprobria
931 974 1046 1046 saepe

108 1071 335 1147 Absterrent
359 1073 472 1147 vitiis.
522 1072 578 1147 Ex
605 1073 676 1148 hoc
703 1098 775 1171 ego
804 1098 916 1147 sanus
942 1072 1104 1168 abillis,

70 1196 321 1273 sPerniciem
349 1221 601 1300 quaecunque
624 1198 764 1292 ferunt,
792 1196 1051 1271 mediocribus
1080 1196 1229 1297 etquis

106 1320 288 1421 Ignoscas
313 1321 412 1395 vitiis
438 1334 591 1417 teneor3
618 1322 791 1397 fortassis
815 1334 852 1397 ct
877 1322 990 1396 istinc

107 1444 284 1547 Largiter
308 1445 508 1522 abstulerit
531 1446 649 1545 longa
673 1460 789 1541 aetas,
815 1446 917 1523 liber
947 1449 1104 1542 amicus,

108 1568 322 1649 Consilium
331 1569 554 1666 proprium3
572 1592 698 1667 neque
711 1568 827 1663 enim,
844 1593 930 1643 cum
944 1566 1106 1645 lectulus
1120 1582 1185 1647 aut
1193 1598 1255 1647 me

105 1695 280 1769 Porticus
305 1691 462 1791 excepit,
490 1692 624 1767 desum
649 1692 757 1767 mihi.
803 1693 955 1769 Rectius
976 1694 1049 1771 hoc
1074 1708 1140 1773 est.

66 1820 193 1894 rsHoc
219 1818 365 1893 faciens
391 1817 516 1891 vivam
544 1816 693 1893 melius.
741 1817 806 1893 Sic
835 1818 955 1893 dulcis
983 1820 1113 1895 amicis

107 1941 329 2019 Occunam.
356 1943 444 2017 Hoc
471 1940 628 2039 quidam
653 1966 732 2016 non
756 1941 877 2018 belle:
900 1944 1088 2041 numquid
1110 1972 1182 2045 ogo
1197 1947 1255 2021 illi

103 2067 335 2167 Imprudens
362 2066 456 2143 olim
482 2067 620 2143 faciam
645 2047 803 2143 similel
852 2068 960 2171 Haec
987 2094 1059 2167 ego
1081 2084 1230 2146 mecum

109 2194 348 2291 Compressis
375 2192 477 2291 agito
503 2191 642 2288 labris3
668 2193 736 2267 ubi
766 2192 861 2293 quid
884 2193 996 2269 detur
1021 2194 1075 2268 oti

106 2318 238 2394 Illndo
260 2318 413 2391 chartis.
460 2316 547 2391 Hoc
570 2329 627 2391 est
652 2316 912 2393 mediocribus
935 2318 1010 2393 illis

61 2444 161 2516 mlix
186 2441 290 2516 vitiis
315 2467 455 2535 unum3
482 2440 543 2515 cui
567 2441 599 2515 si
624 2440 836 2516 concedere
861 2441 972 2538 nolis,

104 2567 231 2644 Multa
255 2578 457 2666 poctarum
484 2566 610 2642 veniet
636 2591 782 2663 manus,
809 2566 950 2642 auxilio
979 2592 1078 2670 quae

104 2694 164 2770 Sit
189 2692 304 2788 mihi3
330 2717 421 2766 nam
446 2690 567 2766 multo
592 2690 721 2788 plures
747 2717 877 2766 sumus
904 2707 948 2767 ac
973 2691 1092 2767 veluti
1118 2704 1156 2767 te

100 2817 242 2896 Iudaei
267 2841 447 2915 cogemus
472 2817 514 2890 in
538 2815 637 2890 hanc
659 2815 870 2892 concedere
891 2817 1053 2892 turbam.

57 3014 207 3088 Coniungc
237 3037 274 3072 an
295 3017 443 3080 adductus,
459 3015 509 3069 boc
527 3017 637 3070 intona·
687 3013 954 3081 earm.11‚10‚17.
981 3045 1015 3055 —
1046 3029 1183 3086 poctarum
1201 3037 1257 3072 ma·

57 3101 123 3142 arun
145 3095 186 3144 ste
207 3107 299 3142 uene.
325 3086 354 3142 si
374 3085 436 3155 quis
454 3085 556 3140 coniun
578 3087 637 3139 eret
686 3085 749 3156 nai]
769 3085 899 3140 »Festive
916 3085 999 3158 fingit
1010 3104 1142 3157 magnum
1151 3087 1257 3142 Romae

57 3161 200 3214 munitm
226 3179 264 3214 an
282 3197 318 3212 ..
347 3178 437 3225 necue,
465 3156 490 3210 is
517 3157 562 3211 vio
592 3161 638 3212 ret
687 3173 746 3211 csse
762 3159 913 3226 poctarum
938 3159 1015 3228 quasi
1042 3157 1205 3212 sodalicium
1229 3162 1258 3214 st

55 3229 295 3286 consuetudinem
314 3227 440 3283 latinam.
476 3227 638 3282 Coniuncti·
686 3227 917 3282 coniurationem.
935 3229 1024 3284 Simul
1043 3229 1117 3284 ridet
1134 3230 1256 3285 studium

55 3320 104 3356 vus
128 3308 229 3358 autem
249 3303 387 3356 addubites
407 3298 570 3370 potentialis
594 3303 638 3354 cst
686 3297 872 3364 versificandi,
892 3316 946 3368 quo
964 3305 1032 3356 tunc
1050 3301 1258 3371 quamplurimi

55 3391 137 3443 quem
154 3377 273 3430 vocant.
685 3370 771 3424 etism
797 3369 887 3426 invita
903 3371 1031 3426 Minerva
1057 3370 1255 3427 ducabantnm

88 3447 123 3501 V.
137 3449 201 3501 126.
234 3443 340 3512 avidos]
359 3443 636 3512 intemperantes-
687 3445 816 3496 Grattius.
847 3440 879 3496 In
899 3459 954 3512 qua
971 3459 1002 3497 re
1019 3442 1073 3498 hoc
1091 3459 1200 3514 quoque
1217 3443 1257 3498 fa-

55 3523 105 3572 siti·
122 3514 258 3588 parcen]
276 3513 368 3584 Epist.
390 3513 412 3580 1,
430 3517 457 3578 7,
478 3516 518 3569 ll.
536 3543 571 3553 -
592 3517 636 3568 Ea
685 3516 779 3566 cetum
806 3515 865 3580 est,
895 3513 971 3583 quod
999 3519 1147 3583 poetarum
1172 3515 1258 3570 turba

53 3588 112 3660 loe]
143 3589 202 3644 hac
232 3585 408 3642 educatione.
443 3613 474 3623 —
503 3584 573 3666 puts]
603 3587 636 3666 pt
684 3583 804 3638 Horatio
823 3601 905 3653 quam
932 3583 1111 3666 infestissima
1129 3589 1199 3640 arat.
1222 3617 1256 3628 -

54 3677 141 3730 supra
159 3678 189 3716 v.
202 3663 248 3714 ta.
260 3687 296 3698 -
308 3657 402 3740 istinc]
421 3656 457 3709 ab
475 3655 531 3738 illis
548 3655 635 3710 vitiis.
686 3655 793 3726 ludaei]
818 3655 865 3724 qui
882 3657 963 3710 multi
980 3659 1049 3738 tunc
1065 3657 1170 3712 Romae
1188 3657 1258 3713 mul·

56 3759 84 3768 —-
116 3736 192 3786 liter
211 3729 328 3799 anim]
354 3745 403 3797 qui
421 3744 485 3782 cuin
502 3725 636 3781 libertate
683 3729 729 3780 tos
748 3726 785 3780 ad
802 3741 880 3781 suam
898 3725 1056 3782 doctrinam
1072 3729 1184 3786 trehere
1201 3734 1257 3784 stu-

51 3819 94 3856 me
114 3802 258 3874 corrigat.
281 3830 312 3840 —
332 3797 457 3867 lectulus]
474 3797 635 3853 lucubrato·
685 3796 798 3852 debant.
850 3797 904 3852 Cic.
932 3798 1025 3854 Flacc.
1049 3815 1073 3854 c.
1090 3803 1140 3855 28:
1172 3800 1257 3864 »Scis

50 3875 119 3929 rius.
147 3905 188 3916 -
235 3871 349 3943 articus]
377 3871 427 3925 ubi
455 3868 634 3923 deambulare
684 3873 789 3938 quanta
798 3867 1145 3940 sit(1udseorum)manus,
1157 3885 1257 3944 quanta

50 3947 192 4004 solebant
284 3943 378 3998 ani-
393 3946 482 3996 desum
501 3940 578 4011 mitt]
598 3940 633 3995 cf.
684 3945 839 4006 concordia,
864 3945 998 4010 quantum
1015 3941 1127 3996 valeant
1144 3943 1173 3997 in
1192 3959 1256 3998 con-

48 4017 105 4073 sat.
125 4020 195 4086 Lu,
213 4018 257 4071 56.
278 4014 313 4082 11,
326 4017 402 4082 1,17.
425 4011 503 4066 »Non
521 4011 634 4082 negligo
684 4009 819 4066 cionibus.
838 4011 950 4067 Summa
958 4029 1026 4068 voce
1039 4031 1129 4083 agam,
1146 4017 1256 4068 tantum

52 4091 128 4158 qnod
148 4087 242 4144 officii
260 4086 318 4140 mci
341 4089 409 4140 est«
444 4083 571 4138 Lambin.
600 4113 630 4122 -
683 4086 717 4135 ut
736 4081 842 4138 iudices
858 4083 980 4140 audiant.
999 4083 1097 4154 Neque
1115 4085 1190 4139 enim
1208 4084 1258 4140 dc·

48 4161 168 4233 rectius]
192 4157 287 4216 Verba
305 4159 370 4211 sunt
381 4154 460 4226 quasi
479 4171 574 4208 secum
593 4153 635 4207 lo·
683 4157 759 4218 sunt,
779 4155 827 4224 qui
844 4155 914 4210 istos
932 4155 962 4209 in
979 4173 1024 4210 ms
1042 4159 1126 4226 atque
1144 4156 1173 4210 in
1183 4157 1255 4224 opti-

48 4233 167 4302 quentis
190 4248 224 4286 cc
242 4230 280 4284 dc
296 4228 353 4282 scis
370 4226 454 4282 rebus
472 4226 634 4295 cogitantis,
682 4239 759 4279 mum
781 4242 919 4295 quemque
937 4227 1092 4314 incitent«¹

48 4311 80 4358 ut
99 4300 238 4360 ostendit
257 4301 404 4356 v.187.—
419 4298 496 4367 olim]
515 4296 579 4353 vide
599 4297 635 4351 ad
