3125 5225
449 928 864 1018 PRAEFATIO.

618 1145 712 1152 -n--n-

169 1259 267 1374 coum
296 1309 388 1396 post
412 1296 655 1396 gravissimos
668 1297 928 1398 Peerlkampii
946 1299 988 1375 in
1006 1296 1161 1375 Horatii
1183 1321 1263 1372 car·

73 1425 170 1499 mina
192 1424 356 1522 imatus
384 1421 495 1498 multi
521 1423 726 1522 praecipue
750 1423 793 1498 in
819 1422 1029 1502 Germania
1060 1421 1134 1496 viri
1160 1420 1264 1498 docti

73 1548 108 1622 in
136 1545 294 1622 Horatio
330 1559 369 1622 et
403 1545 691 1645 interpretando
724 1558 763 1622 et
796 1545 1042 1624 defendendo
1076 1545 1262 1622 arerrimo

73 1671 188 1746 studio
204 1671 465 1748 elaborassent
481 1670 530 1748 de
545 1669 802 1772 plurimisque
825 1671 887 1747 vel
912 1671 1001 1746 totis
1030 1671 1262 1748 carminibus

73 1797 129 1873 vel
149 1797 306 1896 singulis
331 1797 505 1874 versibus
536 1799 676 1874 rectius
704 1823 822 1898 quam
846 1811 959 1874 antea
994 1809 1093 1875 esset
1118 1799 1263 1872 factum

73 1921 304 2018 iudicassent,
345 1949 422 1998 non
452 1923 578 2022 potuit
611 1949 689 1998 non
716 1923 841 1998 videri
879 1923 1060 2020 optabile,
1099 1934 1142 1995 ut
1166 1920 1263 1996 tanti

74 2047 178 2124 studii
202 2073 247 2124 ac
269 2047 414 2124 laboris
441 2049 586 2124 fructus
609 2046 828 2124 scholarum
853 2047 893 2122 in
911 2073 1024 2122 usum
1036 2045 1261 2144 colligeren-

75 2185 129 2247 tur
152 2173 431 2273 iuvenibusque
456 2172 703 2272 antiquarum
728 2171 941 2248 litterarum
968 2172 1105 2271 opibus
1122 2169 1174 2246 ad
1192 2170 1263 2244 hu·

75 2298 282 2376 manitatem
315 2297 570 2379 informandis
595 2296 778 2395 carpendi
804 2295 1119 2396 percipiendique
1144 2295 1259 2371 offer·

77 2434 204 2496 rentur.
246 2422 362 2515 Quod
388 2447 526 2499 munus
553 2447 641 2498 cum
664 2445 736 2520 ego
763 2422 1009 2521 susciperem,
1035 2434 1073 2498 ct
1097 2419 1263 2498 aliorum
1291 2441 1300 2458 ·

77 2545 233 2623 virorum
260 2567 425 2649 quorum
451 2547 716 2625 auctoritatem
735 2532 1062 2647 maximi'semper
1078 2546 1262 2626 haberem

76 2672 249 2749 voluntati
271 2673 367 2749 cessi
388 2696 516 2771 neque
534 2682 700 2771 quantae
719 2671 770 2749 ad
797 2651 881 2749 eam
908 2696 991 2748 rem
1017 2671 1176 2747 honeste
1199 2697 1261 2747 su-

73 2796 277 2873 stinendam
300 2794 540 2893 superandae
566 2808 692 2871 essent
717 2794 960 2873 difficultates
987 2796 1066 2871 ullo
1090 2820 1261 2895 unquam

73 2932 235 3021 tempore
261 2922 342 3022 ipse
372 2946 434 2997 me
458 2918 591 2997 celavi.
655 2920 768 2997 Nunc
790 2946 875 2997 cum
902 2923 944 2998 in
972 2946 1019 2997 eo
1045 2921 1117 3000 sim
1142 2934 1187 2997 ut
1215 2920 1262 2995 li·

73 3044 175 3121 brum
205 3046 389 3140 emittam,
421 3045 524 3123 viam
551 3072 667 3147 quam
694 3045 733 3123 in
760 3046 1046 3123 conscribendis
1069 3072 1261 3123 commen·

74 3170 345 3281 tariissecutus
371 3170 445 3247 sim
469 3172 638 3249 breviter
664 3170 951 3249 monstrandam
969 3171 1064 3247 mihi
1079 3196 1163 3249 esse
1185 3172 1262 3247 exi·

74 3294 185 3370 stimo.
218 3296 371 3373 Etenim
395 3308 541 3373 rectam
566 3296 674 3373 illam
689 3296 857 3397 ‘quidem
885 3322 966 3375 esse
991 3296 1161 3394 confid03
1188 3318 1261 3395 ego

74 3430 189 3494 autem
224 3432 353 3495 utrum
379 3420 591 3497 constantia
618 3430 655 3494 et
678 3419 826 3495 viribus
854 3420 944 3497 satis
975 3420 1144 3497 munitus
1176 3446 1262 3497 eam

75 3542 290 3636 perfecerim
316 3568 367 3619 an
403 3542 649 3621 facultatibus
679 3542 880 3621 destitutus
905 3544 1000 3621 illuc
1024 3571 1102 3646 quo
1128 3545 1261 3623 tende·

77 3690 144 3741 rem
177 3694 256 3745 non
291 3669 531 3767 pervenerim
570 3668 611 3745 in
635 3668 881 3769 occultosque
920 3672 1089 3748 tramites
1128 3671 1261 3749 devius

78 3788 346 3889 declinaverim,
369 3792 427 3869 illi
445 3792 632 3871 videbunt
657 3794 797 3894 quibus
822 3794 870 3873 de
895 3796 955 3871 his
978 3798 1094 3873 rebus
1115 3808 1262 3873 rectum

78 3914 138 3989 crit
159 3930 197 3991 et
218 3942 386 4016 aequum
410 3916 607 3995 iudicium.
634 3918 762 4019 Atque
779 3919 821 3995 in
846 3919 1134 3997 conscribendis
1158 3944 1261 3997 com·
1352 3888 1366 3921 ⁰

77 4040 267 4139 memoriis,
313 4041 451 4143 quibus
494 4042 803 4121 adolescentibus
841 4046 1006 4121 maxime
1045 4043 1261 4121 consultum

77 4164 246 4261 volumus,
272 4166 314 4243 id
341 4180 431 4245 ante
458 4170 588 4245 omnia
613 4169 828 4247 cavendum
853 4184 921 4267 est,
938 4196 988 4246 ne
1002 4169 1153 4247 diversa
1171 4174 1261 4245 co'n·

76 4288 148 4367 sitia
172 4292 453 4371 confundentes
480 4291 597 4371 modo
624 4292 761 4373 altiora
787 4296 1049 4392 praebeamus,
1084 4296 1134 4371 ad
1161 4318 1262 4393 quae

77 4412 232 4493 iuvenilis
257 4416 411 4495 animus
439 4440 516 4491 non
542 4417 633 4495 satis
659 4432 815 4516 paratus
848 4418 1016 4515 accedat,
1054 4418 1170 4496 modo
1204 4419 1260 4493 vi·

75 4536 156 4635 liora
175 4567 432 4643 apponamus,
461 4542 599 4641 quibus
626 4544 721 4621 nihil
740 4543 807 4622 ille
819 4544 944 4623 alatur
964 4559 1030 4622 aut
1046 4544 1145 4621 vires
1170 4570 1260 4643 pos·
