3125 5225
272 263 336 332 416
738 269 1009 341 sarmatum

322 447 433 525 Unde
457 450 588 539 datum
614 456 742 551 sentis,
770 456 886 557 lupus
911 458 976 535 hio
1000 459 1205 537 Tiberinus
1231 488 1280 537 an
1305 460 1383 537 aito

323 574 467 674 Captus
493 576 582 674 hiet,
608 592 794 677 pontesne
820 582 920 659 inter
946 584 1106 661 iactatus
1132 612 1180 660 an
1206 586 1331 661 amnis

323 698 431 775 Ostia
451 702 522 776 sub
548 702 688 780 Tusci?
737 706 901 804 Laudas,
927 708 1071 804 insane,
1098 710 1288 787 trilibrem

321 823 496 922 Mullum,
509 828 548 901 in
562 828 714 925 singula
727 856 842 929 quem
859 832 1008 909 minuas
1021 834 1219 931 pulmenta
1233 860 1388 913 necesse
1401 850 1471 911 est.

270 982 296 1022 ss
321 950 435 1025 Ducit
459 964 496 1027 te
521 953 679 1050 species,
707 955 831 1031 video.
876 955 962 1049 Quo
985 958 1149 1055 pertinet
1172 984 1265 1059 ergo

320 1074 503 1151 Procerus
528 1077 654 1155 odisse
681 1079 819 1180 lupos?
847 1083 938 1180 quia
961 1084 1105 1162 scilicet
1130 1084 1206 1159 illia

293 1269 298 1278 .
321 1201 506 1276 Maiorem
530 1214 667 1279 natura
690 1205 857 1281 modum
879 1206 996 1301 dedit,
1021 1207 1081 1283 bis
1108 1209 1228 1285 breve
1251 1210 1416 1307 pondus.
1464 1204 1469 1209 ’

318 1325 474 1401 Ieiunus
496 1353 583 1403 raro
609 1330 826 1405 stomachus
852 1332 1027 1431 vulgaria
1048 1334 1194 1409 temnit

320 1450 539 1525 Porrectum
566 1478 708 1551 magno
733 1480 914 1554 magnum
942 1472 1114 1555 spectare
1141 1460 1267 1535 cauno

268 1606 294 1645 a
320 1574 479 1670 Vellem,
506 1580 561 1653 ait
583 1578 765 1679 Harpyiis
792 1582 884 1680 gula
910 1582 1029 1681 digna
1054 1586 1268 1681 rapacibus.
1307 1584 1360 1661 At
1386 1612 1467 1681 vos,

320 1698 541 1773 Praesentes
550 1693 695 1793 Austri,
707 1698 859 1796 coquite
873 1699 1011 1775 horum
1024 1700 1194 1777 obsonia.
1221 1701 1467 1800 Quamquam

319 1821 430 1896 Putet
451 1846 545 1919 aper
568 1820 830 1918 rhombusque
856 1846 999 1915 recens,
1025 1822 1126 1899 maia
1149 1824 1259 1920 eopia
1273 1825 1441 1923 quande

318 1944 493 2044 Aegrum
518 1944 697 2021 sollicitat
720 1944 970 2040 stomachum,
998 1972 1086 2023 cum
1111 1946 1246 2047 rapula
1271 1950 1408 2051 plenus

317 2069 449 2170 Atque
473 2068 602 2145 acidas
628 2069 774 2145 mavult
799 2070 935 2147 inulas.
984 2071 1156 2147 Necdum
1185 2074 1309 2148 omnis
1331 2075 1469 2163 abacta

269 2226 295 2268 a
322 2196 530 2293 Pauperies
557 2194 678 2294 epulis
704 2218 859 2293 regum:
885 2220 975 2269 nam
1001 2196 1140 2271 vilibus
1167 2198 1249 2273 ovis

317 2317 524 2417 Nigrisque
549 2330 606 2391 est
630 2317 724 2393 oleis
749 2318 866 2395 hodie
891 2318 1008 2395 locus.
1057 2320 1175 2396 Haud
1197 2324 1252 2398 ita
1276 2322 1430 2421 pridem

320 2442 477 2523 Galloni
501 2443 700 2544 praeconis
727 2457 809 2528 erat
833 2443 1053 2544 acipensere
1074 2472 1206 2525 mensa

267 2629 371 2695 autem,
389 2626 480 2696 inquit
489 2626 604 2692 Ofellus,
620 2626 717 2680 datum
732 2626 787 2680 tibi
800 2629 843 2680 est
892 2625 1056 2681 Heindorfio
1070 2629 1150 2682 cattia
1158 2626 1266 2698 requiri
1283 2631 1374 2698 putes,
1394 2643 1473 2684 cem·

267 2703 301 2753 ut
317 2699 423 2754 sentias
443 2716 551 2770 sapore,
578 2715 633 2768 quo
650 2699 674 2751 is
693 2697 775 2768 lupus
795 2697 842 2767 qui
892 2714 961 2767 para
979 2696 1069 2768 Epist
1088 2697 1110 2761 1,
1132 2701 1174 2766 11,
1192 2701 1217 2754 Β.

267 2772 414 2896 idcboiitm
435 2769 784 2914 idedlaiiiniiddditgbididi
801 2767 843 2894 iiit
892 2767 1471 2912 lcavirixoiridioiididcdaiuiqiddeirldddiidi

267 2916 368 2984 gentes
393 2913 567 2984 quaerebant
590 2913 707 2976 mullos,
738 2925 842 2982 parvos
892 2927 940 2965 eas
957 2909 1153 2980 putrefaciant.
1216 2915 1300 2968 tatim
1323 2917 1417 2968 antem
1437 2931 1470 2969 se

267 2985 361 3055 lupos,
390 2986 442 3040 hac
468 3001 526 3039 una
555 3001 639 3040 causa
666 2985 736 3038 moti
765 2981 841 3052 quod
893 2982 1051 3053 corrigens:
1070 2985 1396 3054 quamquamqnidopus
1414 2991 1470 3054 est,

268 3059 371 3110 natura
387 3057 487 3110 mullos
504 3072 616 3126 parvos,
635 3057 716 3125 lupos
724 3069 841 3124 magnos
892 3054 992 3123 inquit,
1019 3054 1072 3108 bae
1099 3055 1304 3122 exsecratione,
1332 3071 1396 3111 eum
1423 3073 1471 3111 re·

268 3125 343 3182 feeit.
370 3129 441 3183 Plio.
458 3127 492 3182 H.
506 3127 539 3183 N.
552 3127 600 3192 IX,
615 3131 663 3182 80:
684 3125 781 3180 »Mulli
800 3125 842 3180 bi·
893 3129 988 3180 centes
1007 3125 1093 3181 etiam
1109 3127 1166 3182 cibi
1183 3127 1285 3182 talibus
1307 3126 1469 3182 hominibus

267 3215 319 3255 nas
337 3197 424 3255 libras
448 3199 580 3270 ponderis
607 3213 672 3253 raro
690 3196 842 3252 admodum
892 3200 1011 3265 puteant
1027 3213 1117 3266 neque
1134 3197 1169 3252 iis
1187 3199 1296 3269 gratius
1315 3199 1469 3269 quidquam

266 3267 842 3410 ffipffttissit'tbi'ifiiaidi
891 3267 1471 3410 tittutttttttttttqu

268 3429 334 3468 sanc
361 3414 476 3482 paribus
502 3413 635 3468 sestertia
663 3412 766 3466 libriu
807 3439 841 3452 «-
892 3407 927 3474 H,
938 3413 1053 3476 aem.
1073 3441 1105 3451 —
1127 3411 1232 3483 Austri]
1252 3429 1326 3466 nune
1342 3412 1469 3467 Sirecae.

266 3483 675 3557 pulmentaJEpist.l‚18‚483
693 3483 804 3538 south.
822 3483 840 3536 i.
893 3509 927 3522 -··
955 3485 1071 3552 coquite]
1100 3483 1276 3553 putrefacite.
1304 3489 1470 3539 Praeteritae

269 3556 531 3627 permanerem)
548 3556 578 3610 in
596 3571 666 3625 quas
683 3556 783 3626 ingens
801 3554 842 3636 pi·
892 3557 986 3607 etitem
996 3552 1095 3608 Austri
1105 3559 1179 3618 aunt,
1196 3555 1262 3623 quia
1274 3560 1307 3609 ut
1323 3553 1364 3609 dii
1386 3554 1472 3608 iure·

267 3627 322 3681 sois
339 3625 520 3682 dissecantes
538 3632 590 3683 est.
609 3655 645 3668 -—
672 3627 731 3696 uia]
749 3623 841 3680 delit-
892 3626 1001 3679 oantur.
1020 3628 1178 3696 -reputal
1198 3625 1233 3680 oi
1246 3627 1304 3681 Set.
1311 3625 1346 3691 11,
1357 3628 1382 3692 8,
1392 3628 1419 3680 8.
1432 3653 1468 3666 -··

265 3702 611 3769 temnantswcorrepta
627 3647 691 3753 vide
708 3696 841 3760 adiisti,
891 3695 994 3767 taeter]
1021 3696 1139 3765 turcae,
1164 3697 1257 3752 Aiant.
1282 3696 1353 3752 Pliu
1377 3695 1412 3750 Η.
1429 3695 1468 3752 N.

268 3772 510 3834 2,80.-1οιίιηω
527 3770 606 3840 raro]
621 3768 840 3825 nuntiatam.
884 3763 1020 3834 mue:
1043 3783 1111 3838 aper
1129 3783 1159 3822 oe
1177 3769 1321 3840 rtomwbo
1332 3767 1470 3824 miminia-

267 3844 320 3897 act
345 3841 419 3896 bone
443 3857 556 3896 verarun
583 3841 753 3896 eiciendum
778 3855 840 3894 esee
891 3838 970 3902 sima,
998 3838 1096 3893 eadem
1123 3838 1252 3895 dulcibus
1275 3839 1370 3894 mixtis
1393 3839 1470 3894 min·

266 3913 388 3968 censuit:
407 3915 527 3984 »quippe
541 3916 571 3968 et
582 3913 718 3968 orationis
727 3927 841 3966 cursum
892 3909 1039 3964 barrium
1052 3941 1084 3952 -
1096 3911 1211 3982 mendo]
1230 3909 1468 3982 qmndoqrddam,

265 3987 338 4039 maie
355 3985 501 4055 intercipit
517 3987 548 4040 et
565 3983 730 4052 inambigui
738 3984 840 4038 vitium
891 3981 1030 4050 qnoniam.
1057 4005 1092 4022 -
1116 3981 1195 4053 ateis]
1213 3983 1298 4038 Olane
1315 3983 1390 4037 enim
1407 3982 1470 4038 eibi

268 4055 378 4111 incidit.
398 4055 456 4110 Iam
473 4056 540 4111 olim
559 4050 632 4109 en'im
650 4055 840 4110 asohoiiaetis
891 4051 1074 4122 cupiditatem
1086 4052 1218 4108 excitant.
1240 4054 1283 4109 De
1298 4054 1468 4124 stigmatis.

266 4128 427 4182 dubitatum
453 4134 504 4193 eet,
532 4130 628 4181 utrum
647 4146 714 4181 raro
732 4133 838 4182 ieiunus
891 4124 1104 4191 maturioribus)
1132 4123 1203 4181 Ptin.
1228 4125 1263 4180 Η.
1288 4125 1322 4180 N.
1346 4124 1406 4194 XV,
1432 4131 1468 4181 2:

265 4216 303 4254 an
320 4219 387 4255 rere
405 4205 498 4253 tamnu
511 4198 550 4252 ait
560 4195 777 4268 accipiendum«
797 4197 840 4252 'lte
893 4194 1033 4263 'Quanto'
1044 4195 1181 4250 maturior
1202 4198 1282 4265 baca,
1304 4201 1386 4251 tante
1405 4197 1469 4267 pin·

266 4271 406 4340 coniunge
424 4275 532 4325 iatum
549 4287 631 4338 rer03
652 4269 693 4324 sic
705 4269 781 4324 enim
791 4269 840 4324 ad·
891 4267 974 4338 guior
991 4283 1073 4322 ruens
1090 4267 1237 4336 minusque
1254 4271 1363 4338 gratus
1386 4266 1468 4338 Opti·

267 4343 347 4397 ditur
372 4341 455 4406 ratio,
477 4341 552 4396 unde
568 4341 667 4395 insana
684 4357 757 4410 qaae
773 4345 839 4395 ante
890 4355 936 4392 ma
952 4341 1047 4393 sutem
1065 4341 1143 4393 aetas
1160 4338 1195 4393 ad
1207 4338 1414 4410 decerpendum
1424 4340 1468 4394 in·

267 4429 385 4469 neusse
399 4411 624 4468 esttibideaotet
637 4412 750 4467 exoriri
768 4411 840 4468 Doe-
890 4413 935 4465 ter
951 4411 1060 4480 ceptam
1079 4409 1290 4480 bonitatemque
1314 4415 1372 4466 tneo·
1395 4415 1466 4466 'ense

266 4484 400 4540 derliuiui
411 4500 530 4538 -ueraum
547 4482 610 4539 loeo
621 4486 712 4538 morit
731 4488 761 4537 et
774 4487 841 4553 post
890 4485 957 4538 tera
974 4488 1153 4554 styrensem
1169 4507 1200 4522 ··
1211 4479 1334 4552 omont]
1353 4431 1468 4537 ›gatio-

266 4559 338 4610 affl
357 4555 517 4625 ponendum
536 4571 598 4610 esse
617 4555 767 4610 docuit—
778 4575 840 4626 poa·
869 4552 1182 4623 ‘niusprawoprimaa
1191 4553 1384 4624 wipenaerm
1396 4565 1466 4608 eme

265 4627 379 4696 rectum]
398 4626 519 4682 mullum.
538 4654 572 4668 -
590 4627 698 4697 setiam]
718 4626 763 4682 Ne
774 4641 838 4682 eum
889 4639 1001 4680 mensas
1018 4626 1159 4696 apposnit,
1184 4638 1271 4694 quare
1292 4624 1354 4680 eiua
1379 4623 1466 4679 luxua
