3125 5225
305 243 368 310 514
742 239 1073 314 seleucianum

353 428 435 505 Nee
461 430 553 529 quia
578 429 799 530 longinquis
826 444 1042 509 armentum
1066 441 1242 528 aegrotet
1262 431 1305 506 in
1329 429 1445 528 agris,

356 551 434 630 Sed
460 553 553 659 quie
577 566 705 632 mente
730 552 856 631 minus
881 553 1034 632 validus
1059 579 1178 653 quam
1202 579 1364 652 corpore
1386 567 1470 630 toto

357 676 420 752 Nil
445 676 581 753 audire
607 675 735 774 velim,
762 677 819 752 nil
845 675 991 752 discere
1016 675 1123 776 quod
1146 677 1250 754 levet
1272 703 1445 777 aegrum,

297 861 302 872 ,
353 801 460 878 Fidis
487 801 662 878 offendar
687 801 857 897 medicis,
883 803 1026 880 irascar
1046 802 1193 898 amicis,

306 959 331 998 ιο
359 929 437 1006 Cur
462 952 525 1004 me
551 925 703 1002 funeste
732 939 945 1026 properent
966 951 1099 1003 arcere
1123 939 1294 1024 veterno,

358 1050 467 1142 Quae
492 1076 659 1126 nocuere
684 1075 834 1150 sequar,
861 1051 1007 1149 fugiam
1036 1077 1136 1150 quae
1152 1053 1311 1150 profore
1335 1050 1502 1148 credam,

355 1178 499 1254 Romae
526 1177 648 1254 Tibur
673 1203 799 1252 amem
824 1189 1015 1272 ventosus,
1041 1177 1184 1254 Tibure
1207 1179 1381 1254 Romam.

356 1301 448 1376 Post
470 1301 646 1400 beee‚,ut
667 1299 802 1398 valeat,
830 1326 907 1400 quo
930 1313 1042 1400 pacto
1067 1327 1150 1378 rem
1175 1315 1286 1401 gerat
1309 1315 1427 1398 etse,

353 1424 403 1502 Ut
426 1424 576 1523 placeat
599 1426 729 1502 iuveni
755 1439 983 1526 percontere
1006 1438 1127 1526 utque
1151 1428 1311 1502 cohorti.

305 1578 331 1619 ιε
359 1548 400 1626 Si
426 1550 527 1626 dicet
549 1550 675 1646 Recte,
702 1549 874 1648 primum
898 1547 1079 1647 gaudere,
1107 1549 1269 1626 subinde

355 1673 606 1773 Praeceptum
631 1673 814 1750 auriculis
835 1671 911 1748 hoo
931 1673 1116 1750 instillare
1141 1687 1354 1750 memento:

356 1797 405 1874 Ut
429 1811 470 1872 tu
492 1798 696 1894 fortunam,
720 1798 774 1873 sic
798 1824 868 1872 nos
894 1812 943 1894 te,
971 1798 1093 1894 Celse‚
1120 1799 1299 1874 feremus.

854 1999 952 2008 ——--

736 2167 965 2254 Errsrons
995 2169 1068 2253 IX.

355 2329 573 2430 Septimius,
600 2329 753 2428 Claudi,
780 2333 961 2408 nimirum
986 2332 1167 2434 intelligit
1190 2361 1290 2411 unus

356 2452 501 2546 Quanti
527 2479 589 2530 me
613 2455 753 2531 facias:
781 2482 871 2532 nam
892 2482 977 2533 cum
1002 2471 1116 2558 rogat
1137 2471 1176 2534 et
1194 2483 1312 2558 prece
1334 2460 1452 2560 cogit,

306 2650 388 2709 endi
406 2648 480 2705 ratio
498 2654 617 2793 Ιχαίρειν
633 2654 679 2705 καὶ
697 2642 726 2707 εὖ
743 2646 880 2724 πράττειν.
931 2655 1048 2725 aliisque
1075 2656 1217 2739 reperitur
1242 2669 1382 2713 sestam.
1408 2688 1442 2697 -
1464 2662 1503 2711 ἐκ·

307 2726 498 2779 -ns'nantm
529 2722 590 2778 Hoc
607 2724 723 2779 verbum
741 2740 805 2778 curn
823 2724 880 2779 bb
932 2728 1004 2794 eost]
1024 2726 1138 2783 Tiberio
1147 2726 1303 2783 tunexxn
1321 2744 1414 2783 annos
1430 2730 1501 2783 nato.

305 2794 381 2852 idem
399 2794 438 2849 sit
455 2790 531 2863 quod
546 2796 684 2865 polliceri,
711 2812 761 2849 sua
778 2798 882 2850 ustura
933 2830 967 2839 -
985 2796 1105 2868 subinde]
1131 2798 1242 2860 deinde.
1270 2800 1414 2869 protinus,
1443 2816 1503 2857 cen·

305 2866 429 2923 medium
446 2881 506 2921 esse
525 2868 618 2935 patet3
644 2870 688 2920 est
715 2867 790 2921 enim
806 2866 881 2922 idem
932 2868 1019 2925 tinuo.
1055 2870 1089 2925 ci.
1110 2869 1215 2925 Colum.
1233 2870 1270 2939 11,
1286 2873 1313 2936 4,
1333 2872 1384 2926 11:
1415 2869 1503 2941 ›sgu

327 2938 383 2993 uod
399 2957 467 3007 prae
485 2956 513 2993 se
531 2942 614 3007 [erre.
650 2934 685 2992 ef.
703 2934 880 3005 Saeuus.
932 2947 1048 3013 prim
1075 2946 1172 2996 eretur
1189 2941 1288 2997 ultima
1304 2948 1389 3011 perte
1405 2940 1504 2997 mensis

304 2956 359 3065 bu
388 3011 483 3063 autem
526 3010 622 3063 uicisse
645 3023 703 3062 non
728 3009 883 3065 coercendo
932 3010 1061 3083 Augusti,
1081 3015 1192 3068 subiende
1211 3014 1374 3084 Septembri
1402 3013 1441 3069 sit
1457 3012 1504 3067 ite·

306 3082 372 3137 sunt
390 3078 483 3150 poesis
540 3078 602 3133 ibus
622 3076 672 3133 sed
682 3078 882 3151 intelligendus
933 3088 1037 3139 ratus«
1061 3114 1092 3122 —-
1112 3084 1172 3155 nos]
1200 3101 1254 3157 ego
1279 3089 1309 3141 et
1333 3102 1433 3142 omnes
1450 3084 1504 3155 qui·

306 3155 351 3207 est
368 3155 445 3205 totus
465 3150 550 3205 enimi
577 3150 676 3205 cultus.
698 3177 731 3188 -
749 3150 881 3222 saueius]
931 3152 1050 3211 busoum
1067 3156 1196 3213 vaunis.

305 3221 393 3289 Saul,
403 3223 429 3286 9,
440 3224 465 3277 5.
485 3251 519 3262 -·
538 3226 578 3277 nil
595 3218 701 3291 audire]
730 3220 764 3277 ef.
790 3220 883 3292 Epist.
1159 3268 1167 3280 .
1304 3266 1330 3321 X

305 3293 329 3363 I,
349 3294 435 3359 1,48.
456 3323 488 3333 -
507 3313 554 3347 car
576 3313 617 3347 me
652 3292 716 3347 vide
734 3290 771 3349 sd
790 3292 881 3348 Carm-
1100 3268 1303 3339 Epm‘ssss
1331 3308 1338 3322 ⁸

306 3364 328 3431 1,
347 3366 391 3427 33,
409 3366 434 3419 3.
453 3394 485 3403 -
504 3375 613 3421 esterno
647 3369 690 3419 est
707 3366 738 3419 to
773 3382 806 3419 or
824 3363 883 3435 qui·
967 3360 1100 3419 Marcello
1121 3363 1220 3419 iuvene
1245 3366 1360 3420 mortuo
1378 3360 1502 3419 Tiberius

306 3436 372 3492 dein
399 3434 484 3489 enimi
522 3440 601 3489 ortus
628 3434 675 3488 ille
703 3435 817 3505 quiem
848 3452 882 3489 ex
935 3428 1066 3490 Claudius
1083 3432 1159 3490 Nero
1180 3436 1204 3491 is
1222 3434 1328 3491 Romae
1346 3434 1410 3499 fuit,
1428 3431 1502 3489 cuius

306 3505 424 3563 tristitia
438 3475 597 3575 quidamst
612 3504 769 3561 diffidentis
788 3523 883 3561 rerum
933 3505 1027 3576 gratis
1053 3506 1174 3561 maxima
1201 3505 1349 3562 commoda
1379 3512 1408 3561 st
1435 3521 1503 3559 sum·

307 3582 335 3633 et
353 3576 455 3633 virium
465 3582 633 3633 nostrarum.
655 3576 742 3631 ef.Vir
764 3578 881 3647 ‚Georp
934 3594 1008 3630 mum
1026 3594 1105 3647 spem
1120 3578 1209 3633 futuri
1220 3575 1359 3649 temporis
1372 3576 1503 3647 praebere

307 3648 410 3714 1‚124.
437 3678 470 3687 ·-
502 3646 590 3717 Tibur]
629 3646 719 3719 Epist,
738 3596 767 3715 f,
788 3652 819 3714 7,
838 3651 882 3703 45.
933 3652 1038 3729 posset.
1064 3646 1156 3717 Quare
1176 3651 1224 3719 qui
1239 3649 1277 3705 ad
1294 3648 1416 3703 honores
1435 3644 1503 3701 viam

307 3719 363 3777 Set.
383 3717 419 3783 Π,
439 3722 465 3785 7,
483 3718 527 3775 28.
563 3717 625 3773 Non
645 3718 713 3773 satis
730 3716 820 3774 firmis
840 3736 883 3773 ar·
934 3720 987 3773 sibi
1005 3718 1109 3776 vellent
1126 3738 1234 3791 parare.
1252 3720 1274 3776 ii
1290 3718 1367 3790 quod
1379 3718 1502 3790 proxime

308 3788 449 3863 gumentis
467 3790 511 3844 nsi
529 3794 594 3845 sunt
622 3789 670 3858 qui
698 3794 813 3860 praeter
835 3790 882 3845 Ss-
933 3789 1039 3846 adhoc
1057 3810 1162 3849 novum
1186 3792 1266 3848 sidus
1288 3790 1424 3848 accedere
1447 3795 1503 3843 stu·

307 3862 403 3919 binam
420 3858 513 3917 villam
533 3860 617 3915 etiarn
636 3860 814 3917 Tiburtinam
826 3860 884 3916 Ηο-
935 3860 1340 3944 debant‚publicarumrerum
1379 3864 1502 3915 uastum

310 3933 383 3991 rstio
405 3932 490 3987 fuisse
510 3930 694 3987 affirmarunt.
739 3934 883 3989 Summum
932 3930 988 3987 init
1012 3939 1087 3988 retro
1114 3936 1176 4005 ipsa
1203 3934 1280 3990 tulit.
1314 3932 1355 3988 Et
1401 3930 1502 3987 eratin·

309 4004 384 4077 quod
400 4002 490 4075 possis
512 4002 667 4059 concedere
688 4003 741 4061 hoc
759 4009 811 4071 est,
836 4002 883 4059 he·
934 4021 1045 4075 queque
1077 4004 1207 4077 Septimii
1233 4005 1343 4061 iteratis
1377 4002 1503 4077 precibus

307 4076 402 4135 buisse
429 4074 577 4130 Horatium
606 4072 817 4145 deversorium„
835 4075 884 4131 sli-
934 4073 975 4130 ita
992 4076 1084 4141 cessit,
1111 4081 1144 4133 ut
1167 4078 1296 4133 iuvenem
1314 4072 1436 4133 ωἱοιιω
1452 4072 1503 4127 Ne·

309 4148 386 4219 quod
411 4145 528 4215 Tibure;
564 4162 734 4216 quamquam
762 4164 799 4203 ne
829 4146 884 4203 boe
933 4147 998 4203 roni
1014 4146 1230 4207 commendaret.
1279 4146 1359 4217 Quod
1375 4165 1431 4217 qun
1445 4147 1502 4199 nte

328 4218 422 4275 uidem
445 4221 555 4273 certum
579 4222 630 4273 est.
678 4216 733 4273 Cic.
752 4216 789 4273 sd
804 4216 882 4273 Fam.
933 4216 1042 4285 iecerit,
1069 4236 1104 4275 ne
1129 4225 1179 4275 sut
1195 4218 1324 4290 Septimii
1341 4218 1423 4275 iustis
1442 4232 1502 4287 pre·

326 4362 332 4375 ·
362 4292 415 4417 ,d23
436 4288 608 4417 ciramedTa
629 4286 793 4373 »Libentius
812 4307 885 4344 eme·
934 4288 1014 4345 cibus
1042 4290 1224 4419 depgsewt
1248 4298 1298 4347 sue
1320 4288 1397 4417 apg}
1419 4288 1502 4415 Νἱιιέ

393 4377 566 4417 eersorsum
599 4376 752 4425 errscmss,
767 4378 828 4415 nes
875 4390 885 4401 ·
933 4378 998 4417 nem
1026 4378 1063 4416 au
1111 4379 1136 4417 n
1427 4376 1480 4415 su

309 4378 484 4515 blbihovspiti
509 4430 645 4488 molestus
672 4431 749 4487 sinn«
770 4461 805 4471 —
824 4378 886 4489 genb-
934 4380 1085 4503 videretui,
1103 4437 1136 4489 tu
1153 4379 1292 4507 legebbm
1346 4432 1353 4445 '
1461 4428 1501 4483 D⁰

309 4500 395 4573 tosus]
433 4510 603 4559 inconstans.
662 4502 697 4559 cf.
733 4500 826 4558 Eiet
861 4502 884 4569 1,
934 4502 1068 4573 Septimio
1094 4504 1159 4561 vide
1186 4504 1224 4561 ad
1249 4504 1341 4559 Carm-
1357 4502 1395 4569 11,
1414 4504 1441 4565 6,
1468 4500 1500 4555 de

310 4574 357 4639 la,
378 4574 421 4627 37.
457 4572 588 4631 Ceterum
617 4574 647 4631 in
677 4572 776 4633 Blun.
802 4574 884 4633 codd.
934 4574 1043 4634 Nerone
1065 4577 1232 4649 praecipuus
1254 4576 1332 4633 locus
1349 4579 1397 4631 eat
1415 4570 1501 4629 Taciti
