3125 5225
546 133 556 166 Ι

432 273 520 340 LIB.
542 273 569 342 1.
589 271 732 344 briss.
753 271 835 342 VII.
857 273 954 340 VIII.
1226 276 1290 341 513

139 463 184 540 Si
209 461 340 556 relies,
364 461 504 560 inquit,
533 485 666 536 verum
693 461 788 537 mihi
813 487 959 560 ponere
986 483 1139 538 nornen.

141 587 257 680 Quod
282 599 419 684 tepor
445 585 612 665 Genium
639 584 889 684 dextramque
915 586 1087 685 deosque
1102 588 1264 662 Penates

88 743 115 784 u
144 710 318 788 Obsecro
344 721 383 785 et
405 711 586 805 obtestor,
614 709 713 785 vitae
739 736 801 784 me
821 710 943 785 redde
966 711 1098 808 priori.

142 836 220 929 Qui
246 834 366 910 semel
392 833 576 932 adspexit,
602 847 787 932 quantum
812 834 971 910 dimissa
995 837 1123 934 petitis

140 959 350 1054 Praestent,
377 973 525 1035 mature
550 959 682 1035 redeat
706 971 932 1058 repetatque
957 961 1102 1036 relicta

142 1085 272 1164 Metiri
298 1107 342 1159 sc
369 1108 564 1184 quemque
586 1107 656 1158 suo
681 1082 841 1159 modulo
868 1109 915 1159 ac
935 1084 1037 1183 pede
1062 1110 1196 1161 uerum
1223 1099 1289 1162 est.

506 1477 737 1563 Helenum
773 1477 879 1564 vm.

142 1641 254 1722 Celso
284 1641 455 1742 gaudere
482 1655 519 1718 et
544 1643 643 1720 bene
668 1669 750 1718 rem
777 1668 912 1742 gerere
943 1641 1191 1719 Albinovano

140 1769 254 1843 Musa
278 1779 414 1866 rogata
437 1769 552 1865 refer,
578 1767 709 1843 comiti
735 1767 960 1868 scribaeque
985 1767 1161 1845 Neronis.

139 1892 181 1970 Si
196 1905 354 1992 quaeret
372 1893 464 1992 quid
484 1919 606 1992 agam,
627 1892 689 1969 dic
702 1893 825 1968 multa
847 1907 884 1969 et
896 1892 1060 1993 pulchra
1081 1895 1290 1973 minantem

140 2017 284 2092 Vivere
309 2044 380 2093 nec
407 2030 508 2093 recte
534 2044 605 2094 nec
630 2019 812 2094 suaviter:
840 2017 944 2093 haud
971 2019 1062 2119 quia
1088 2021 1236 2120 grando

110 2141 376 2222 sContudcrit
399 2142 495 2218 vites
522 2141 724 2242 oleamque
749 2141 1002 2222 momorderit
1025 2157 1160 2242 aestus,

87 2338 182 2394 titudo
207 2339 361 2396 nemim«
388 2369 419 2380 -·
439 2359 539 2410 possm
565 2338 671 2408 amen]
719 2337 842 2394 amicum
858 2354 895 2392 ne
913 2339 1000 2397 nimia
1015 2338 1174 2398 tamarum
1197 2355 1293 2396 rarum

89 2409 137 2464 Sic
150 2414 230 2464 reete
244 2427 280 2464 ex
290 2409 388 2465 Bland.
403 2409 558 2478 antiquiss,
576 2409 671 2478 Tana,
720 2410 930 2478 exspectatione
948 2410 1037 2464 elatas
1049 2412 1136 2466 animi
1148 2413 1293 2468 continen-

87 2475 225 2547 antid.‚'
240 2481 339 2538 Diraei
365 2483 440 2551 apud
465 2483 616 2551 quuimn
642 2486 671 2536 et
718 2480 790 2534 tiam
804 2480 914 2549 parma
950 2481 981 2535 In
998 2499 1055 2550 qua
1072 2499 1105 2537 ra
1121 2488 1155 2539 tu
1171 2484 1231 2538 noli
1249 2501 1292 2540 rs·

92 2570 128 2608 ex
160 2551 243 2608 Goth.
275 2569 343 2623 sec.;
369 2555 398 2608 in
427 2553 489 2608 aliis
517 2556 615 2607 dicere.
635 2581 669 2591 -
719 2551 932 2635 prehensionem
952 2553 1074 2620 odorari,
1099 2556 1179 2625 quasi
1195 2555 1292 2612 Celsus

91 2628 209 2695 deasque
226 2624 353 2695 Penates]
381 2624 439 2681 eat.
450 2625 485 2692 11,
497 2627 522 2690 3,
535 2627 594 2679 176.
637 2624 669 2679 In
718 2627 863 2693 insperata
886 2641 937 2678 sua
961 2624 1076 2680 fortuna
1092 2627 1206 2683 inflatus
1225 2630 1293 2682 ami·

91 2696 257 2751 obtmtandi
284 2694 405 2751 formula
429 2698 497 2769 qaod
521 2696 669 2751 relativum
720 2711 767 2749 cos
785 2711 850 2750 suos
867 2696 987 2765 superbe
1006 2700 1035 2751 et
1051 2703 1220 2769 arroganter
1235 2703 1293 2754 tra·

94 2772 137 2821 est
156 2766 299 2822 infinitum
327 2786 378 2837 pro
416 2778 516 2838 πυρίαν
534 2770 610 2838 qaod,
637 2771 671 2822 ut
719 2767 815 2834 eterit,
853 2782 917 2820 cum
946 2767 1041 2823 videas
1075 2786 1157 2838 quam
1190 2770 1295 2825 leniter

95 2838 269 2895 Graecorum
287 2835 303 2892 ὃ
321 2856 374 2909 pro
394 2791 473 2893 daim
504 2838 580 2909 Virg.
599 2840 669 2895 Aen.
718 2842 802 2907 poeta
819 2838 939 2892 amicum
957 2838 1134 2896 admonuerit
1147 2844 1213 2911 post
1224 2842 1293 2897 libs·

87 2910 122 2975 ss,
145 2914 213 2977 141,·
251 2927 319 2964 cave
353 2915 446 2964 tamen
477 2910 576 2965 credas
606 2928 669 2981 sup·
719 2925 779 2963 ram
797 2908 876 2962 illam
895 2926 928 2964 ac
950 2909 1116 2965 familiarem
1140 2912 1293 2983 aegritudi-

86 2980 223 3052 plendam
243 2998 304 3037 esse
328 2980 405 3035 illam
423 2982 667 3051 praepositionem.
717 2980 761 3035 nis
780 2996 846 3033 snae
858 2980 1073 3050 descriptionem
1091 2982 1292 3038 dulcissimam·

89 3082 123 3093 -
145 3052 242 3123 senet}
268 3052 445 3123 Negtigenda
470 3053 524 3107 tuit
549 3054 668 3123 optimo·
717 3068 770 3121 qne
788 3050 823 3105 de
843 3052 933 3106 salute
948 3054 1008 3107 aius
1026 3054 1166 3125 rebusque
1188 3072 1290 3110 curam.

86 3140 153 3177 ram
173 3124 303 3179 ecdicum
320 3124 484 3188 auotoritas,
516 3141 570 3193 qua
594 3124 669 3193 quod
717 3122 829 3177 Horatii
862 3129 956 3178 autem
992 3126 1196 3194 aegritudinem
1228 3142 1290 3183 eam

87 3196 296 3265 comprobatur
312 3198 393 3249 sinat
409 3196 536 3265 ineptum
554 3198 606 3249 est.
624 3194 669 3249 Ex
717 3210 778 3249 esse
797 3193 894 3249 docuit
910 3195 1052 3250 Iacobsius
1080 3196 1167 3263 (Leot.
1187 3196 1291 3253 Venus.

88 3266 207 3337 Oraquii
235 3265 318 3321 codd.
346 3282 418 3321 unus
445 3270 553 3321 tantum
583 3266 669 3321 babet
716 3265 828 3335 pdbd),
852 3282 906 3334 qua
923 3282 1006 3336 saepe
1024 3270 1149 3325 tentatos
1166 3268 1291 3323 videmus

88 3343 187 3406 arnan
217 3342 368 3407 praeterea
392 3356 463 3392 unus
490 3338 668 3406 Bemmanni3
717 3338 975 3406 praestantissimos
1004 3354 1128 3409 quosque
1153 3339 1289 3403 homines,

88 3409 201 3479 reliqui,
231 3414 266 3463 ut
293 3408 413 3472 videtur,
443 3423 540 3463 omnes
579 3412 667 3465 sistat.
716 3409 883 3477 praesertim
911 3406 1043 3476 artifices,
1074 3412 1123 3480 qui
1158 3428 1222 3465 cnm
1254 3411 1291 3467 ad

87 3480 141 3535 Sed
164 3479 398 3549 frequentissima
424 3488 468 3535 est
491 3479 591 3535 borum
620 3496 668 3535 vo·
717 3495 787 3543 eam,
824 3496 906 3547 qoam
934 3480 1026 3534 animo
1057 3488 1108 3545 et.
1120 3482 1292 3554 cogitatione

88 3552 256 3607 cabalorum
274 3550 410 3605 contisio.
457 3552 586 3607 Ceterum
603 3550 668 3607 vide
717 3549 770 3605 sibi
787 3548 980 3616 formaverint,
997 3552 1067 3606 artis
1085 3570 1152 3608 suae
1170 3555 1291 3625 speciem

87 3622 122 3678 ad
140 3622 236 3679 Uam.
256 3622 304 3689 lv,
320 3626 346 3687 3,
367 3626 391 3678 l.
716 3624 746 3703 et
762 3622 998 3705 'magnitudinem
1024 3626 1172 3709 pervenire
1208 3643 1292 3696 posse

246 3734 420 3805 svau
436 3736 510 3791 ou.
716 3692 1291 3838 utresterneremus

122 3832 223 3887 cenes
255 3831 446 3887 Albinovanus
471 3832 573 3903 (Epist.
594 3832 666 3897 1‚e,
716 3834 773 3899 alii,
798 3851 855 3889 non
877 3852 943 3891 raro
968 3854 1045 3907 spem
1070 3838 1213 3909 deponant
1233 3843 1291 3895 ani·

90 3906 130 3973 m)
148 3918 167 3957 a
185 3902 304 3957 Tiberio
321 3904 433 3958 Nerone
459 3904 666 3973 expeditionem
717 3922 848 3975 mumque
866 3908 986 3962 tristitia
1003 3911 1124 3979 quadam
1143 3911 1225 3967 obrui
1242 3928 1291 3981 pa·

88 3974 115 4027 in
133 3974 299 4029 Armeniam
321 3974 443 4031 iaciente
466 3976 496 4027 in
521 3974 667 4030 cohortem
716 3976 833 4031 tiantur.
885 3978 973 4046 Quem
993 3981 1079 4035 animi
1096 3984 1224 4037 morbum
1242 3982 1291 4036 alii

88 4048 221 4128 receptus
246 4052 276 4101 st
299 4045 336 4100 ad
362 4046 523 4102 scribendas
541 4063 665 4113 arcanas,
716 4064 806 4117 neque
824 4050 986 4121 intelligunt
1003 4068 1093 4121 nsque
1109 4056 1229 4122 possunt
1241 4058 1291 4108 aut

88 4121 118 4171 nt
135 4116 260 4181 ndetm,
292 4122 322 4171 st
344 4116 481 4187 gravioris
509 4119 667 4189 argumenti
717 4120 954 4177 consolationibus
972 4128 1023 4177 aut
1040 4124 1290 4194 consiliissanare3

90 4186 199 4242 litteras
226 4187 369 4243 adbibitus
397 4204 431 4243 sa
461 4188 598 4245 Armenia·
621 4190 666 4245 uel
714 4190 847 4245 nimirum
871 4194 920 4262 qui
946 4193 988 4247 ita
1014 4194 1146 4249 laborant
1172 4194 1290 4249 alienam

90 4274 124 4311 ex
164 4258 267 4315 itinere
307 4259 453 4314 Horatium
488 4262 665 4317 salutaverat.
714 4261 881 4317 medicinam
908 4271 1073 4334 spernentes
1102 4270 1132 4320 et
1167 4266 1291 4322 remedia

90 4326 254 4399 Respondet
271 4330 408 4385 Horatius
428 4332 479 4387 hac
499 4331 618 4402 epistola
638 4338 666 4388 et
716 4350 751 4387 ex
770 4334 862 4389 animo
882 4341 1048 4405 quaerentes
1065 4338 1196 4394 morbum
1215 4339 1290 4394 alere

89 4400 178 4456 amico
205 4402 368 4471 gratnistnr
392 4402 426 4457 de
449 4419 524 4458 noro
550 4420 665 4459 munere
714 4406 806 4475 magis
823 4423 907 4476 quam
924 4423 1023 4462 aurare
1041 4406 1182 4464 ridentur.
1216 4408 1291 4466 Seri·

90 4474 118 4524 et
134 4478 237 4540 parata
254 4473 291 4527 ad
312 4474 429 4530 bonores
448 4474 501 4529 via.
520 4474 581 4542 Quo
600 4490 665 4530 con·
714 4481 767 4546 pta
784 4477 898 4533 ridetur
915 4480 1037 4547 epistola
1053 4496 1078 4533 a.
1096 4497 1123 4532 u.
1140 4497 1164 4535 o.
1183 4482 1246 4536 734.

90 4542 152 4597 tilio
179 4542 303 4599 menter
331 4544 469 4601 describit
503 4545 588 4601 animi
622 4547 665 4601 sui
750 4546 783 4602 V.
796 4553 820 4604 1.
845 4551 964 4620 paudere
985 4564 1010 4604 st
1027 4554 1091 4605 tasas
1108 4570 1166 4605 rasa
1183 4553 1289 4624 perere]

90 4618 267 4680 umentem
297 4618 400 4671 statum
430 4620 461 4673 et
487 4617 665 4673 ’adhortatur
713 4618 791 4674 Bene
816 4622 998 4691 comparatur
1021 4622 1191 4677 Graecorum
1218 4626 1290 4679 sala·

129 4728 225 4769 smus·
238 4728 272 4770 ed.
286 4728 426 4779 Dillmbmar
440 4728 472 4770 ad.
486 4730 510 4769 V.
1052 4724 1093 4784 33
