3125 5225
285 272 325 308 m
505 340 508 348 Δ
755 241 1020 311 PRAEFATIO

286 443 437 508 nostrae
459 353 594 530 pahum
622 446 747 510 rectae
774 433 1049 534 intelligentiae
1075 433 1136 510 vel
1164 435 1318 512 diverso
1348 435 1402 510 dc
1435 447 1491 510 ta·

147 619 150 640 ,
197 591 200 602 ·
284 556 384 633 libus
417 558 531 634 rebus
565 558 721 636 iudicio.
781 558 890 636 Idem
927 560 1099 639 iudicare
1132 561 1245 638 etiam
1272 562 1493 640 scaiman

250 786 253 796 .
286 680 397 758 video
428 709 466 780 p.
488 687 586 783 hoq.
616 687 846 785 11.12sq.;
890 713 1124 787 quamquam
1157 711 1262 787 quae·
1285 685 1397 762 idem
1432 684 1493 760 vir

286 805 525 886 doctissimus
552 808 601 886 de
624 809 850 910 explicando
870 810 938 888 illo
955 813 1126 889 carmine
1140 813 1262 912 magis
1281 810 1493 889 artificiose

286 955 401 1030 quam
428 934 509 1041 veri
535 933 709 1012 similitor
734 936 877 1025 statuit,
903 957 1027 1014 meam
1055 937 1214 1054 quidem
1236 936 1492 1038 approbatio-

285 1079 371 1130 nem
399 1080 477 1132 non
504 1055 655 1134 habent.
681 1055 743 1132 Sic
769 1056 872 1132 enim
897 1059 1102 1158 scripsitp.
1117 1039 1160 1133 9.
1187 1061 1492 1155 „sententiarum

285 1204 402 1254 nexus
429 1207 472 1256 os
473 1181 607 1274 tendit,
641 1185 766 1259 verbis
805 1183 883 1260 illis
910 1188 1045 1269 celeras
1060 1185 1185 1289 fupue
1208 1198 1277 1260 ete
1313 1211 1402 1260 non
1431 1183 1492 1258 fu·

285 1328 373 1402 gam
399 1305 522 1403 ipsam
554 1306 622 1382 sed
645 1307 779 1406 fugam
803 1333 995 1386 marmore
1030 1334 1247 1408 expressam
1279 1308 1491 1386 declarari

285 1429 424 1530 Itaque
457 1431 526 1508 illa
548 1445 670 1510 amate
695 1420 885 1533 Scipionih
908 1441 1068 1514 maiores
1092 1449 1389 1514 monumentum
1415 1436 1491 1510 Ro-

283 1581 369 1632 mae
403 1555 520 1632 fuisse
542 1569 677 1654 statuo,
716 1560 756 1634 in
795 1585 872 1659 quo
908 1561 1010 1636 cives
1035 1574 1074 1638 et
1103 1561 1230 1660 ipsum
1254 1561 1489 1660 spectabant

284 1679 423 1756 ducem
448 1683 645 1781 egregium
671 1709 862 1762 marmore
888 1686 1060 1764 effictum
1095 1690 1145 1778 (r.
1175 1690 1236 1776 14)
1268 1700 1306 1762 et
1337 1713 1406 1764 res
1443 1686 1489 1761 il·

283 1803 356 1880 lius
382 1806 597 1904 praeclaras
623 1809 703 1884 sive
727 1835 919 1888 marmore
945 1813 1026 1888 sive
1051 1813 1173 1888 coreis
1200 1811 1394 1889 columnis
1421 1811 1487 1904 (cl.

284 1927 480 2026 Lamprid.
508 1929 617 2010 Alex.
644 1925 772 2010 Seuer.
811 1961 843 2011 e.
868 1939 931 2026 28)
968 1951 1286 2037 repraesentatur
1339 1937 1489 2016 celeres

283 2053 501 2132 Poenorum
528 2083 573 2134 ex
598 2057 711 2136 Italia
741 2060 853 2160 fugas
878 2062 1184 2164 Hannibalisque
1215 2062 1489 2164 nequidquam

283 2179 542 2260 minitabundi
578 2198 694 2284 atque
727 2185 916 2285 Scipionis
952 2187 1087 2264 ultoris
1121 2190 1162 2266 in
1188 2187 1365 2265 Africam
1407 2198 1485 2262 tra-

283 2304 486 2382 iectionein
513 2311 562 2398 (v.
583 2311 661 2400 16):
698 2310 878 2386 incendia
909 2323 1120 2388 castrorum
1153 2310 1415 2391 Hasdrubalis
1450 2322 1488 2384 et

285 2428 471 2528 Syphacis
498 2428 595 2527 (Liv.
623 2437 681 2529 30,
710 2439 744 2509 5.
774 2437 807 2509 6.
852 2433 955 2510 Flor.
983 2436 1016 2530 2,
1043 2429 1093 2530 6),
1119 2433 1299 2512 incendia
1323 2435 1487 2512 navium

283 2551 663 2655 Karthaginiensium
679 2558 776 2648 (Liv.
790 2561 849 2656 30,
858 2561 935 2654 43),
963 2558 1182 2658 Scipionem
1208 2558 1357 2637 domita
1379 2553 1487 2659 apud

284 2680 441 2757 Zamam
478 2680 613 2758 Africa
651 2682 705 2767 in,
724 2682 879 2765 ltaliam
911 2682 1149 2760 redeuntem.
1184 2722 1234 2733 -
1264 2684 1349 2761 Tali
1393 2705 1485 2759 vsro

283 2804 429 2883 honore
456 2808 550 2906 quis.
562 2807 717 2905 dignior
742 2807 943 2904 Scipione?
979 2832 1095 2908 quem
1119 2809 1263 2887 Ennius
1297 2809 1353 2889 sic
1392 2806 1485 2885 effa·

283 2942 362 3006 tur:
389 2932 599 3028 „Quantam
625 2946 788 3009 statuam
817 2934 935 3009 faciet
958 2933 1126 3032 populus
1138 2936 1344 3023 Romanus,
1361 2957 1486 3034 quan·

283 3066 359 3131 tam
392 3056 619 3153 columnam,
647 3083 828 3157 quaeres
853 3048 1091 3157 tuasgerat
1117 3058 1345 3158 loquatur?“
1398 3057 1483 3135 Ho-

283 3182 370 3259 ratii
397 3182 515 3281 igitur
541 3182 720 3282 aequales
748 3183 815 3282 qui
837 3183 905 3261 illa
934 3196 1145 3260 castrorum
1162 3184 1401 3283 naviumque
1427 3182 1484 3257 in·

284 3306 420 3383 cendia
445 3332 638 3385 marmore
664 3332 842 3407 expressa
867 3308 1063 3406 vidissent,
1096 3309 1270 3407 profecto
1298 3334 1388 3390 cum
1412 3308 1484 3383 hos

283 3456 413 3507 versus
438 3430 619 3531 legebant
644 3458 721 3511 uon
747 3448 935 3533 poterant,
976 3448 1018 3511 ut
1053 3433 1230 3510 nonnulli
1254 3434 1484 3533 interpretes

282 3556 413 3650 nostri,
449 3554 497 3631 de
531 3556 685 3635 incensa
717 3584 740 3633 a
765 3557 946 3657 Scipione
979 3559 1128 3635 minore
1152 3556 1395 3657 Karthagine
1420 3582 1485 3633 co·

284 3680 435 3779 gitare.“
486 3680 595 3773 Quae
627 3684 902 3781 interpretatio,
930 3684 1134 3760 artificiose
1159 3697 1203 3758 ut
1228 3682 1305 3759 dixi
1330 3682 1483 3781 excogi-

283 3820 371 3903 tata,
404 3806 494 3882 ideo
523 3834 601 3883 non
627 3809 767 3905 poterit
791 3810 962 3908 probari,
1000 3810 1105 3908 quod
1142 3834 1215 3885 neo
1238 3820 1387 3886 stamae
1412 3830 1484 3883 nec

284 3930 548 4007 columnarum
575 3933 615 4007 in
640 3932 723 4031 ipso
750 3935 918 4009 carmine
943 3932 1024 4007 ulla
1047 3934 1247 4030 reperitur,
1263 3958 1312 4007 ne
1324 3932 1485 4007 minima

284 4056 455 4155 quidem,
481 4056 733 4153 significati03
760 4058 878 4133 immo
906 4070 1005 4133 totus
1031 4058 1139 4133 locus
1163 4056 1214 4135 de
1226 4050 1481 4134 marmoribus

283 4193 320 4255 et
345 4179 463 4255 titulis
490 4182 616 4279 primo
640 4182 694 4257 ita
720 4194 776 4257 cst
804 4180 1005 4283 generalis,
1042 4194 1085 4255 ut
1118 4180 1168 4260 de
1200 4182 1378 4257 omnibus
1403 4204 1482 4257 ma·

284 4305 368 4405 gnis
394 4306 484 4381 viris
516 4331 595 4381 non
621 4308 741 4404 possit
775 4333 853 4381 non
889 4306 1063 4405 intelligi,
1103 4306 1243 4384 deinde
1266 4332 1344 4384 ‘suo
1376 4328 1483 4385 mors

281 4442 397 4528 poeta
420 4430 470 4505 ad
496 4432 714 4530 generalem
741 4432 968 4507 sententiam
991 4430 1260 4507 illustrandam
1275 4431 1414 4507 sensim
1432 4428 1481 4505 ad

283 4553 498 4654 exemplum
527 4555 735 4652 dolabitur;
773 4582 855 4653 neo,
881 4569 987 4655 puto,
1020 4557 1093 4657 ipsi
1118 4558 1280 4637 Romani
1306 4570 1478 4649 statuam,
