3125 5225
764 167 1015 240 CARlss'NUM

435 355 654 432 Caecubum
681 371 718 432 ct
744 355 854 457 prelo
881 356 1065 433 domitam
1092 355 1236 435 Caleno

396 481 495 556 10Tu
520 481 629 558 bibes
655 507 791 558 uvam:
817 509 904 558 mea
927 507 999 558 nec
1023 481 1210 557 Falernae
1261 465 1267 477 ⁴

437 607 668 706 Temperant
693 608 790 682 vites
816 633 942 706 neque
966 608 1162 685 Formiani

534 729 678 808 Pocula
700 731 828 808 colles.

715 1145 906 1233 Osanna
942 1148 1054 1232 XXI.

436 1311 598 1386 Dianam
625 1287 778 1387 tederac
804 1311 917 1387 dicite
944 1312 1124 1412 virgines,

435 1437 635 1512 Intonsum
660 1437 771 1534 pueri
799 1437 913 1512 dicite
940 1429 1147 1532 Cynthium

289 1684 347 1739 lam
358 1686 491 1754 quattuor
508 1683 673 1738 nobilissimi
686 1683 746 1738 'vini
762 1700 865 1754 genera
914 1699 975 1737 rem
984 1681 1123 1753 Apollinis
1141 1683 1285 1739 stDianae
1300 1681 1414 1739 habitos
1426 1701 1483 1754 per-

289 1755 478 1812 nominantur.
519 1757 608 1820 Calas,
629 1755 796 1826 Campaniae
815 1772 864 1825 op·
914 1755 1012 1822 tmesi,
1029 1753 1065 1809 ad
1082 1753 1246 1811 indicandos
1263 1761 1292 1810 et
1305 1753 1483 1810 celebrandos

286 1827 391 1896 pidum,
420 1825 503 1881 hodie
525 1827 619 1896 Caici3
648 1847 713 1898 aper
731 1831 864 1882 Falernos
914 1824 1483 1882 eosludosHoratiumhaecceoinissecre-

289 1899 325 1952 ad
342 1895 451 1952 radices
468 1895 582 1952 Massici
606 1897 710 1952 montis
733 1896 762 1951 in
788 1897 865 1951 Cam·
914 1895 1002 1951 dibile
1021 1901 1073 1952 est.
1093 1897 1161 1952 (lum
1180 1915 1235 1968 qua
1251 1915 1283 1953 rs
1300 1897 1356 1953 boe
1375 1898 1483 1968 egregie

289 1971 381 2040 panis,
403 1967 614 2024 Formiaebatii
632 1967 739 2023 manici
760 1967 818 2021 ium
835 1969 865 2022 in
915 1969 1064 2032 consentit,
1085 1969 1268 2039 quodeodem
1279 1985 1353 2024 anno
1364 1969 1484 2024 Octavia-

288 2039 429 2096 Auruncis
446 2057 536 2110 prope
546 2039 678 2108 Caietam,
696 1986 779 2093 bodie
790 2042 863 2094 Mola
915 2057 1009 2094 nuscx
1046 2039 1168 2095 ditiones
1177 2039 1484 2110 parabatinBritannos

286 2116 314 2166 di
344 2117 438 2167 (laeta.
463 2142 495 2152 -
524 2123 552 2165 ta
581 2113 650 2166 tices
689 2109 742 2164 Hie
775 2109 864 2164 futuri
914 2110 1011 2164 etAra
1032 2128 1070 2165 ea.
1088 2111 1133 2166 lta
1147 2116 1241 2167 tamen
1255 2129 1367 2167 carmen
1380 2129 1484 2182 compa·

289 2182 423 2253 temporis
441 2200 510 2237 osus
528 2199 585 2236 non
603 2199 649 2235 mu
661 2186 720 2236 tom
742 2179 864 2235 differta
914 2183 1073 2236 ratumnon
1088 2187 1140 2248 est,
1159 2185 1191 2237 ut
1209 2184 1308 2240 credas
1326 2181 1442 2238 chorum
1457 2183 1484 2236 in

287 2254 467 2310 coniunctivo
478 2269 559 2323 quem
567 2253 664 2307 dicunt
672 2253 863 2323 potentialem
913 2253 975 2322 ipsa
989 2251 1117 2308 ludorum
1128 2254 1246 2309 sollenni
1254 2271 1360 2325 pompa
1370 2253 1412 2308 ita
1420 2254 1485 2308 ceci·

288 2323 329 2382 sio
356 2325 430 2380 enim
457 2324 593 2395 imprimis
622 2329 721 2394 poetae
738 2323 864 2378 indicant
913 2323 996 2377 nisse.
1014 2324 1297 2380 Animadvertendum
1312 2329 1365 2389 eat,
1385 2331 1485 2395 quanta

288 2413 359 2467 quae
378 2396 525 2466 quominus
541 2395 651 2466 possint
666 2393 728 2450 fieri
739 2395 864 2449 nibilest
913 2393 1114 2450 artelioralius
1124 2395 1484 2466 etincomponendiscollo·

287 2465 363 2538 quod
382 2467 526 2536 impediat.
553 2465 599 2522 Sic
618 2465 707 2522 Carm.
717 2466 752 2530 11,
766 2471 808 2532 12,
821 2470 861 2522 10.
913 2465 1064 2535 caudisque
1083 2467 1199 2522 deorum
1215 2468 1388 2538 dearumque
1403 2468 1484 2522 nomi·

287 2537 494 2594 Abstinendum
522 2536 608 2608 igitur
641 2555 657 2591 a
694 2538 862 2593 coniecturis
912 2537 994 2592 nibus
1009 2541 1039 2592 et
1048 2537 1177 2594 laudibus
1192 2539 1259 2594 etin
1270 2539 1441 2608 aequalitate
1455 2555 1484 2592 ac

288 2625 342 2665 tom
364 2613 443 2675 bibas,
468 2632 520 2665 aon
545 2612 626 2665 bibes.
647 2639 676 2649 -
703 2609 861 2681 temperant]
912 2609 1095 2664 similitudine
1124 2611 1322 2667 vocabulorum
1349 2612 1483 2681 ipsorum·

195 2727 199 2739 .
286 2680 376 2753 Epod
390 2684 484 2750 17,so.
520 2680 663 2735 Audacter
687 2680 739 2736 boc
756 2680 862 2736 dictum
912 2697 965 2749 que
993 2698 1124 2735 versuum
1152 2688 1280 2737 versatus
1305 2683 1350 2737 aii.
1396 2682 1485 2737 Prima

287 2758 330 2809 est
348 2757 431 2809 colles
447 2765 603 2835 temperant,
622 2752 672 2805 sed
689 2758 773 2816 recte,
794 2770 863 2823 quo·
911 2752 1027 2821 stropha
1045 2757 1135 2807 totam
1159 2754 1238 2823 quasi
1261 2752 1396 2809 familiam
1421 2768 1481 2809 con·

286 2824 359 2879 uiam
380 2827 575 2880 solistumum
595 2822 662 2878 dare
685 2824 784 2878 eodem
801 2825 862 2879 iura
910 2823 1004 2893 iungit
1013 2822 1117 2891 (filiam,
1126 2822 1483 2895 filium.matrem,patre1n;

286 2894 343 2951 dici
360 2899 480 2967 possunt
496 2911 552 2964 quo
570 2894 650 2950 vites.
910 2893 985 2947 bunc
1001 2899 1102 2960 tamen,
1128 2895 1231 2961 lovem,
1259 2913 1315 2951 non
1333 2896 1427 2965 ipsum
1444 2910 1483 2948 ce·

887 3028 891 3035 ‚
911 2964 1013 3029 lebret,
1038 2964 1088 3020 sed
1105 2967 1135 3021 in
1155 2983 1188 3020 so
1208 2967 1406 3021 celebrationis
1423 2983 1483 3019 oao-

413 3101 419 3113 ·
456 3008 603 3115 cmm·
618 3006 692 3061 XXI·
910 3036 1107 3106 saminvenit);
1126 3035 1227 3093 deinde
1238 3038 1354 3107 stropha
1364 3037 1483 3091 secunda

325 3100 860 3159 OctavianusabActtovietorrssersos
910 3106 995 3163 filiam
1013 3107 1119 3172 laudat,
1147 3108 1232 3163 tertia
1259 3108 1356 3172 filium,
1388 3108 1483 3163 eodem

287 3172 464 3229 inhonorem
482 3172 628 3242 Apollinis,
648 3175 693 3229 cui
713 3174 860 3228 victoriam
929 3196 964 3233 uo
984 3185 1048 3234 ante
1066 3179 1173 3244 ordine,
1201 3185 1231 3235 et
1254 3182 1320 3249 quia
1344 3180 1425 3234 deA
1461 3178 1481 3231 l-

286 3262 316 3298 sc
327 3242 429 3297 debere
439 3247 559 3313 putaret,
573 3244 655 3299 ludos
663 3246 794 3301 Actiacos
804 3245 860 3314 pri·
910 3249 976 3316 linc,
1005 3250 1053 3321 qui
1071 3268 1135 3307 vera
1153 3256 1197 3305 est
1214 3248 1377 3317 ἀλεξίκακος,
1436 3268 1482 3303 ura

286 3333 359 3369 mum
372 3333 395 3369 a.
408 3316 459 3368 726
473 3316 631 3369 celebravit.
649 3316 707 3371 Iam
722 3335 785 3371 cum
800 3319 862 3370 tota
911 3324 953 3374 est
983 3321 1117 3375 dicturus.
1173 3320 1243 3376 Tum
1274 3338 1408 3392 compara
1436 3320 1483 3373 boa

285 3386 367 3440 huius
381 3386 511 3441 carminis
521 3386 594 3440 ratio
604 3387 639 3442 ad
648 3386 729 3443 ludos
737 3388 765 3443 in
775 3388 862 3442 hono·
910 3408 1019 3446 versus:

357 3472 388 3527 V.
416 3475 439 3527 1.
475 3472 592 3528 Dianam
645 3477 784 3540 lienerae
828 3476 913 3531 dicite
932 3482 936 3549 Ι
958 3480 1080 3549 virgines

357 3543 388 3599 V.
414 3546 439 3599 2.
476 3544 622 3599 intonsum
645 3581 648 3613 ,
669 3548 747 3615 pueri
803 3547 913 3615 §dicite
932 3555 936 3614 Ι
958 3550 1107 3619 Cynthium

327 3612 389 3669 bV.
415 3618 440 3669 3.
477 3615 669 3685 Latonamque
695 3620 698 3687 Ι
720 3636 851 3686 supremo

357 3686 387 3741 V.
400 3689 439 3741 ll.
476 3686 672 3759 insignemque
695 3692 697 3757 Ι
718 3686 853 3758 pharetra

356 3756 387 3813 V.
414 3763 439 3815 4.
476 3756 613 3813 Dilectum
638 3760 642 3831 Ι
666 3760 777 3831 penitus
903 3764 988 3828 liovi

355 3827 388 3885 V.
398 3832 438 3883 12.
476 3828 614 3886 Fraterna
637 3834 641 3902 Ι
665 3850 718 3902 que
739 3832 884 3887 humerum
904 3839 907 3896 Ι
928 3836 990 3905 lyra

356 3900 388 3955 V.
413 3902 437 3954 5.
473 3899 530 3955 Vos
553 3900 557 3971 Ι
582 3902 683 3957 laetam
736 3902 828 3957 fluviis
900 3910 903 3968 Ι
965 3909 995 3960 st
1058 3908 1229 3977 tremorum
1262 3906 1369 3973 lcoma

355 3968 387 4026 V.
397 3974 438 4029 13.
473 3969 525 4027 Hie
554 3974 685 4045 'bellom
736 3975 855 4029 lacrimo
899 3981 972 4045 lum
990 3976 1036 4032 bic
1059 3980 1062 4046 ζ
1085 3980 1216 4033 miseram
1262 3974 1389 4044 liamem

357 4042 389 4097 V.
413 4046 437 4097 6.
475 4042 659 4115 Quaecunque
698 4046 701 4111 Ι
735 4050 785 4101 aut
807 4048 811 4138 Ι
833 4044 928 4117 gelido
1009 4050 1175 4119 :prominet
1220 4042 1324 4117 Algido

357 4112 391 4168 V.
399 4116 440 4169 14.
478 4112 649 4185 Pestemque
699 4120 702 4186 Ι
753 4134 770 4170 a
808 4122 937 4203 rpopolo
958 4123 988 4174 et
1009 4122 1013 4187 Ι
1033 4120 1161 4190 principe
1221 4116 1338 4173 Caesare
1355 4116 1384 4171 in

357 4182 389 4240 V.
416 4188 441 4240 5.
478 4182 533 4241 Vos
559 4190 562 4257 Ι
587 4186 689 4243 laetam
729 4188 733 4261 Ι
763 4187 855 4243 fluviis

357 4254 390 4310 V.
415 4259 440 4311 9.
477 4254 533 4313 Vos
558 4262 561 4327 Ι
587 4256 690 4330 Tempe
728 4262 732 4329 Ι
763 4260 880 4315 totidem

321 4345 353 4401 V.
366 4348 389 4399 l.
410 4346 538 4417 sisoim]
558 4346 859 4417 AlloquiturHoratios
909 4351 988 4407 tium.
1010 4347 1219 4418 osamprima
1231 4344 1480 4416 syllabaprodocla

287 4416 579 4483 cborospuerorumet
589 4418 753 4487 puellarum,
764 4420 859 4476 laudes
909 4425 962 4488 est,
992 4427 1024 4477 ut
1050 4418 1126 4492 apud
1144 4418 1223 4488 Virg.
1240 4418 1311 4474 Aen.
1329 4418 1351 4483 1,
1367 4420 1429 4473 aaa.
1449 4446 1479 4457 -·

287 4483 750 4574 ApolliniselDianaeinludisrite
759 4509 860 4546 canen·
909 4497 1055 4561 intonsam]
1077 4488 1477 4561 amalasuentham:
