3125 5225
416 272 503 339 LIB.
525 272 592 339 Ill.
615 272 754 345 oARu.
775 273 903 344 XXIX.

481 521 669 609 Olenum
697 524 849 608 XXIX.

261 686 458 785 'lbrrhena
478 712 613 785 regum
639 688 855 788 progenies,
878 688 950 765 tibi

260 810 347 886 Non
372 824 459 888 ante
483 838 594 889 verso
621 812 708 889 lene
733 839 883 889 merum
910 814 1006 889 cado

310 937 408 1015 Cum
432 936 538 1035 flore,
564 938 777 1032 Maecenas,
805 963 980 1012 rosarum
1006 953 1043 1015 et

358 1060 494 1139 Pressa
518 1062 592 1137 tuis
618 1062 778 1137 balanus
805 1062 954 1161 capillis

228 1207 490 1285 slamdudnm
515 1206 620 1307 apud
646 1235 709 1285 me
734 1222 801 1284 est.
850 1208 968 1309 Eripe
992 1224 1031 1288 te
1055 1236 1188 1287 morae

217 1429 364 1485 gumen
380 1426 480 1483 m
682 1410 755 1467 recti
780 1408 952 1465 conscientia
975 1408 1148 1477 deorumque
1162 1407 1255 1464 tutela

682 1482 775 1537 omnia
794 1482 1028 1536 summoventur«
1074 1478 1143 1533 Tale
1166 1478 1257 1550 igitur

104 1549 250 1607 Externam
279 1550 421 1607 scribendi
438 1550 569 1605 carminis
586 1565 632 1605 oc·
682 1554 814 1611 carminis
832 1557 875 1607 est
892 1555 1103 1623 argumentum:
1122 1567 1178 1620 quo
1195 1555 1255 1605 tres

77 1620 198 1678 eanonm
216 1622 349 1693 praebuit
366 1620 513 1677 Maecenas
530 1620 631 1675 invita-
682 1624 845 1680 efficiuntur
861 1628 966 1694 partas.
1010 1622 1054 1675 Ao
1077 1621 1168 1691 prima
1194 1622 1255 1704 qui·

75 1698 120 1757 tus,
134 1697 164 1748 ut
182 1712 217 1750 ex
234 1696 309 1750 urbe
328 1691 364 1748 ad
382 1698 495 1763 poetam
515 1692 633 1747 rustica·
682 1696 747 1751 dem
765 1713 815 1751 sex
833 1695 964 1766 strophae
984 1693 1131 1764 complexa
1154 1693 1255 1748 inrita·

76 1769 124 1817 tum
140 1767 255 1821 veniret.
292 1764 374 1834 Quod
391 1782 443 1819 our
460 1764 580 1821 libenter
599 1780 632 1819 ac
681 1766 788 1823 tionem
804 1768 891 1823 habet
908 1783 973 1822 cnm
995 1765 1173 1837 generalibus
1192 1780 1256 1819 oen·

75 1835 178 1907 benigne
206 1837 301 1892 faeere
338 1837 441 1893 debeat
468 1836 631 1901 Maecenas,
684 1839 730 1904 sia,
751 1838 852 1908 quibus
869 1840 904 1891 nt
914 1836 1010 1893 veniat
1018 1835 1177 1891 Maecenati
1193 1852 1254 1890 sua·

73 1924 157 1963 causae
235 1908 347 1978 positae
373 1910 439 1962 sunt
462 1924 489 1962 v.
510 1909 631 1977 13-24;
682 1910 778 1978 detur;
807 1910 897 1964 altera
921 1912 1056 1978 quattuor
1074 1907 1254 1978 stropharum

73 1980 163 2033 etenim
198 1978 314 2035 'vitibus
333 1980 409 2033 sines
435 1994 520 2049 saepe
536 1979 632 2035 iucun-
681 1982 852 2037 Maecenatis
876 1996 923 2036 res
951 1983 981 2034 et
1005 1977 1183 2034 condiciones
1206 1978 1253 2032 de·

73 2049 114 2104 dae
139 2056 203 2105 snut
231 2054 262 2104 et
289 2048 438 2121 frugalitas
474 2066 630 2120 pauperum
681 2052 781 2107 scribit
807 2051 1013 2120 transitumque
1040 2050 1145 2105 sensim
1171 2051 1255 2133 parat

73 2122 192 2191 optimum
215 2122 339 2193 praebet
365 2120 520 2179 remedium
545 2119 632 2177 taedii
681 2124 718 2180 ad
742 2124 857 2179 tertiam
882 2139 932 2177 sex
955 2120 1086 2191 strophas
1110 2124 1255 2177 continen-

72 2198 95 2247 et
108 2208 246 2261 curarum
268 2198 416 2263 praeterea
433 2192 520 2247 instat
539 2191 576 2262 (v.
588 2195 631 2261 17)
681 2200 748 2260 tem,
775 2212 831 2264 qua
855 2192 925 2263 qnid
940 2190 1049 2263 cogitet
1064 2190 1197 2247 Horatius
1216 2191 1253 2246 de

72 2268 156 2329 aetas,
200 2280 268 2319 nam
288 2265 319 2318 in
338 2264 409 2319 urbs
424 2280 514 2334 paene
533 2264 632 2319 intole·
681 2268 755 2323 vitae
783 2266 941 2321 rationibus
967 2264 1132 2334 vicibusque
1164 2263 1254 2319 libere

71 2334 172 2391 nbilam
234 2335 313 2391 mani
339 2350 542 2405 saepenumero
562 2335 632 2404 rnri,
681 2355 714 2393 aa
732 2337 838 2393 diserte
854 2336 1011 2391 exhibetur.
1031 2334 1065 2389 ln
1082 2333 1177 2389 medio
1193 2350 1257 2390 oar-

70 2407 173 2463 nm'me
188 2408 221 2463 in
240 2406 396 2473 montibus,
413 2405 572 2477 transigere
588 2422 632 2463 sa·
681 2412 755 2465 mine
781 2408 948 2464 collocatam
969 2405 1048 2462 rides
1072 2405 1255 2483 sententiam:

70 2478 157 2533 lebant
176 2479 312 2543 »Verum
333 2477 434 2547 inquit,
457 2477 630 2547 tequidem,
681 2482 750 2552 qaod
773 2482 849 2535 odeat
874 2490 1005 2535 macuto
1028 2497 1185 2551 emouere
1208 2496 1255 2532 ae·

69 2546 206 2616 timemus,
233 2551 285 2605 tui
310 2548 358 2605 vix
376 2548 446 2603 iaris
463 2567 508 2620 es3
535 2548 631 2605 civiles
681 2570 762 2624 qam
801 2568 836 2605 ea
864 2553 959 2605 autem
986 2548 1076 2603 totius
1107 2547 1256 2606 doetrinae

69 2637 145 2691 cursa
167 2622 289 2693 publica
310 2622 386 2678 salus
412 2621 535 2678 animum
550 2625 632 2676 tunm
681 2624 819 2694 originem
837 2622 966 2692 etqnasi
986 2620 1095 2676 fontem
1120 2619 1254 2676 ostendit.

69 2693 173 2764 ndiqne
188 2699 311 2765 captum
329 2693 443 2764 habent,
469 2693 520 2748 sed
537 2709 631 2748 reeor-
680 2694 860 2766 Quapropter
875 2697 954 2748 reete
973 2690 1255 2762 iudicarantqnihoo

69 2761 122 2820 dre
144 2767 238 2838 (aaa)
264 2764 428 2820 futurarum
453 2781 549 2820 rerum
565 2781 631 2820 con·
679 2765 775 2821 multis
806 2765 966 2820 nominibus
993 2763 1164 2818 laudandam
1196 2779 1256 2818 ear·

68 2837 176 2894 duom
184 2838 287 2894 divina
300 2835 453 2908 prudentia
468 2835 631 2908 praeclusas
679 2855 744 2892 men
761 2837 839 2892 inter
855 2834 1096 2907 praestantissima
1116 2833 1256 2889 referrent

69 2909 250 2964 essehnnrano
261 2907 432 2975 intellectui,
450 2908 632 2978 hominesque
679 2907 813 2964 Venusini
836 2911 946 2978 poetae
988 2905 1071 2974 Quod
1097 2923 1154 2978 quo
1180 2921 1255 2959 anno

68 2977 153 3036 decere
168 2997 244 3051 qnae
263 2981 326 3035 sint
346 2982 447 3049 parata
463 2979 499 3034 iis
522 2979 631 3050 sapien·
681 2982 818 3052 scriptum
837 2980 875 3035 sit
900 2982 1011 3035 oertnm
1031 2995 1090 3034 non
1116 2980 1173 3046 est3
1203 2978 1254 3033 sed

66 3053 102 3106 ter
114 3053 176 3118 frui,
201 3053 280 3108 Mne
299 3049 423 3106 seientes
439 3050 576 3121 quidquid
594 3051 632 3105 sit
680 3071 742 3109 eum
760 3052 907 3107 Maecenas
925 3050 1009 3106 aedes
1025 3067 1089 3104 suas
1106 3050 1136 3104 in
1153 3049 1255 3120 Esqui-

67 3120 177 3180 nurum
201 3123 234 3178 id
266 3121 416 3177 fluminum
444 3123 503 3176 ritu
534 3121 631 3192 fluere,
680 3125 724 3180 liis
751 3124 808 3178 iam
834 3123 937 3178 haheat
962 3124 1121 3176 exstructas
1158 3138 1183 3176 v.
1200 3124 1253 3190 10),

66 3195 133 3250 nodo
157 3195 311 3266 pheidnm
337 3209 370 3248 ac
396 3193 521 3263 quietum
546 3193 630 3250 modo
680 3197 829 3252 Horatium
847 3193 933 3249 etiam
950 3192 981 3246 in
997 3192 1098 3248 Sabina
1141 3193 1147 3204 “
1207 3192 1255 3247 ha·

65 3266 193 3324 turbidam
213 3284 250 3322 an
268 3264 435 3322 violentum.
458 3264 550 3332 Quare
567 3283 631 3322 eum
680 3269 771 3324 bitere
787 3265 916 3320 erinitio
924 3281 963 3390 ge

65 3337 151 3404 susus
168 3337 260 3394 nehus
279 3336 386 3392 nimiae
401 3353 485 3392 curae
502 3336 559 3392 sint
572 3338 632 3392 ina·
679 3344 758 3395 tersa
776 3339 905 3393 rersniti
949 3335 991 3390 eri
1027 3335 1066 3390 tis
1084 3334 1254 3390 etPhraatis

64 3423 110 3473 nes,
125 3410 252 3466 turbidis
272 3409 409 3478 impares,
428 3423 509 3464 nemo
524 3410 631 3466 rectius
679 3409 876 3465 Parthinorum
888 3407 1031 3463 discordia
1045 3411 1187 3477 tangatur,
1194 3407 1255 3460 reri

64 3479 121 3535 vivit
134 3484 217 3551 eo(v.
225 3481 289 3550 41),
312 3481 358 3533 eui
370 3495 568 3550 superarum
585 3495 631 3536 ve·
680 3479 853 3536 simillimum
870 3484 915 3534 est
939 3482 1033 3533 ortum
1056 3494 1117 3532 esse
1141 3493 1255 3532 carmen

63 3553 123 3606 serit
141 3553 240 3609 dinero
270 3550 375 3606 lineat:
403 3551 448 3606 hic
469 3567 549 3606 meris
573 3550 629 3606 fuit
680 3567 737 3608 non
766 3555 833 3606 ante
858 3567 962 3604 annum
980 3552 1041 3605 729.
1089 3549 1185 3605 Simile
1212 3551 1260 3608 eat.

63 3621 122 3690 dies;
156 3624 372 3694 qnahscnnque
399 3625 537 3678 crastinus
567 3622 630 3689 erit,
680 3623 810 3694 pluribus
831 3620 977 3676 decausis
995 3636 1108 3676 carmen
1125 3619 1174 3685 ΠΙ,
1193 3622 1219 3674 8.

64 3695 149 3760 quibu
169 3695 259 3750 honis
286 3691 400 3748 &umas
423 3709 486 3748 snm
507 3709 545 3748 ne
563 3693 631 3750 desm
716 3695 750 3750 V.
762 3698 786 3749 l.
821 3693 965 3764 Tyrrhena]
983 3692 1034 3748 cir.
1053 3691 1142 3746 Germ.
1158 3691 1217 3756 1,1‚
1232 3694 1254 3746 l.

62 3765 159 3832 quidem
186 3784 222 3822 ea
246 3764 324 3820 mihi
350 3763 466 3820 auferet.
515 3765 561 3820 sio
583 3765 632 3834 qni
682 3793 715 3808 «-
737 3785 792 3821 sana
807 3777 870 3819 ante
890 3764 978 3832 omae]
997 3778 1085 3833 usque
1102 3762 1193 3818 adhuc
1211 3779 1255 3818 re·

63 3837 162 3906 aetat,
180 3854 291 3893 verum
312 3835 337 3890 is
356 3835 441 3891 hahet
457 3835 556 3898 etimn¹
574 3853 631 3890 non
681 3837 805 3900 condito,
823 3834 948 3889 nondum
961 3837 1049 3900 tantm
1070 3833 1102 3889 id
1130 3833 1188 3888 uod
1205 3833 1255 3888 ho·

63 3909 239 3975 antemndnm
268 3905 347 3962 illnd
373 3906 486 3976 quidem
511 3907 631 3962 inten·
680 3906 828 3964 norifioum
839 3905 1053 3961 esthlaeoenati.
1086 3905 1105 3959 i
1156 3906 1253 3970 ‚21,6.

63 3981 134 4036 enda
148 3981 282 4044 fortuna,
307 3993 364 4047 qna
387 3977 458 4034 nihil
481 3983 526 4033 est
543 3979 631 4034 mobi-
683 4007 715 4020 -
733 3977 805 4049 lesse]
818 3979 962 4032 vetustate
972 3976 1142 4046 delenitum
1160 3993 1255 4032 recen·

63 4047 448 4124 hautmagieineertnna
489 4049 632 4117 Quamob
681 4051 723 4105 tia
748 4049 822 4105 enim
846 4049 912 4103 vina
937 4049 1128 4104 acerbasnnt
1148 4075 1182 4087 -
1209 4049 1255 4100 ta·

63 4125 208 4194 renituit)
230 4137 312 4194 quae
327 4121 449 4191 henigne
466 4120 549 4176 offert
557 4121 631 4176 dona
681 4121 773 4192 tasas]
795 4119 1001 4190 hyperanthera
1030 4119 1253 4185 semidsoandra3

64 4199 130 4260 etto
145 4197 244 4251 animo
264 4192 461 4262 accipientum
486 4207 558 4260 qnae
583 4192 631 4247 ad·
680 4193 765 4248 arbor
780 4189 970 4261 Troglodytis‚
987 4189 1122 4245 Thebaidi
1137 4193 1167 4244 et
1185 4190 1255 4242 Ara·

64 4265 243 4322 vomuere
264 4264 396 4320 libenter
413 4263 568 4318 reddantur
593 4263 630 4318 ab
679 4265 743 4320 bias
761 4261 916 4318 communis
935 4261 1015 4328 (Plin
1025 4261 1060 4316 Η.
1071 4259 1106 4315 N.
1116 4259 1178 4325 XII,
1188 4262 1253 4328 al);

64 4351 89 4389 so
105 4339 150 4406 qni
165 4355 239 4408 qma
257 4351 334 4392 vera
353 4334 391 4390 sit
417 4334 541 4404 dignitas
564 4351 630 4389 vera
679 4353 737 4390 nux
754 4333 849 4405 posita
866 4349 919 4403 pro
937 4331 1001 4388 oleo
1016 4332 1083 4387 inde
1099 4347 1252 4403 presso.—

64 4405 241 4473 virbravsrae
252 4423 329 4478 opes
342 4405 486 4476 sapienter
500 4405 553 4460 sibi
569 4421 631 4476 per·
679 4427 728 4462 see
746 4405 861 4476 semer]
882 4403 928 4459 Sic
944 4404 1011 4459 honi
1028 4401 1126 4472 oodd.;
1144 4403 1192 4458 alii
1204 4422 1251 4473 ηας

64 4479 143 4534 mit
187 4481 261 4537 inde
281 4480 378 4544 (mhi)
398 4477 524 4531 nascitur
543 4475 628 4530 animi
676 4475 748 4533 illud
766 4479 861 4532 tamen
878 4474 990 4539 metius,
1015 4475 1081 4544 qnia
1108 4479 1139 4530 et
1156 4475 1249 4546 ingra-

64 4551 179 4608 nerins
205 4553 245 4608 ah
276 4547 413 4606 omnibus
444 4549 566 4604 emer-nis
600 4553 630 4602 et
677 4553 739 4603 tom
759 4553 804 4605 est
822 4546 978 4616 asyndeton
994 4545 1189 4614 nequeobstat
1202 4567 1252 4600 sse

64 4622 123 4677 coris
133 4629 162 4678 et
177 4621 339 4694 parientis3
356 4619 464 4688 quaem
478 4619 628 4688 minamur,
675 4616 1069 4692 particulaonmimporatiro
1085 4617 1243 4674 coniuncta.

1011 3264 1106 3319 ionum
1116 3264 1162 3333 sit,
1174 3280 1255 3334 prae·
