3125 5225
384 202 391 209 *
471 252 560 321 um.
579 252 629 319 11.
649 250 790 323 uersu
812 252 859 321 11.
1199 254 1262 321 su

120 435 284 515 Alterius
309 463 485 514 sermone
511 465 635 515 meros
666 438 818 515 audiret
845 422 1020 532 bocnica,

120 564 310 641 Gracchus
338 579 379 639 ut
402 565 466 639 hic
490 566 560 670 illi,
585 566 685 641 foret
711 566 801 639 huic
827 579 868 639 ut
894 565 1043 641 Mucius
1068 562 1156 638 ille

74 718 97 755 e
121 684 192 776 Qui
216 688 342 763 minus
366 702 521 786 argutos
549 703 659 765 vexat
685 670 795 765 furor
821 690 891 764 iste
913 690 1072 786 poetas?

118 812 295 889 Carmina
318 806 519 912 compono,
546 813 609 891 hic
630 815 770 913 elegos.
822 813 1001 890 Mirabile
1027 812 1111 887 visu
1172 868 1174 875 ,

118 936 389 1036 Caelatumque
413 964 552 1013 novem
576 940 695 1015 Musis
723 938 839 1035 opusl
883 935 1055 1035 Adspice
1080 936 1259 1033 primum,

118 1059 267 1151 Quanto
293 1088 379 1137 cum
406 1063 518 1157 fastu,
546 1076 688 1162 quanto
715 1061 914 1137 molimine
942 1062 1083 1137 circum

116 1182 335 1283 Spectemus
362 1212 522 1263 vacuam
542 1188 725 1263 Romanis
752 1186 900 1261 vatibus
926 1184 1082 1279 aedem3

74 1339 96 1377 e
116 1308 202 1382 Mox
229 1309 355 1406 etiam,
383 1310 414 1384 si
441 1310 540 1385 forte
567 1335 690 1407 vacas,
716 1333 878 1411 sequere
905 1320 942 1385 et
966 1309 1101 1406 procul
1131 1310 1232 1406 audi,

116 1433 214 1525 Quid
243 1434 344 1508 ferat
369 1445 407 1508 et
432 1456 550 1531 quare
576 1431 649 1509 sibi
671 1446 797 1509 nectat
822 1444 984 1532 uterque
1011 1460 1203 1511 coronam.

116 1557 322 1637 (laedimur
348 1569 384 1631 et
408 1555 569 1631 totidem
594 1556 721 1656 plagis
748 1558 1005 1633 consumimus
1034 1558 1180 1635 hostem

114 1684 232 1759 Lento
261 1682 448 1759 Samnites
477 1682 526 1757 ad
553 1682 699 1758 lumina
725 1683 852 1781 prima
878 1681 1019 1759 duello,

113 1809 276 1885 Discedo
302 1806 468 1883 Alcaeus
494 1820 637 1905 puncto
663 1806 785 1903 illius3
811 1806 877 1881 ille
902 1832 989 1883 mec
1016 1809 1127 1905 quis?
1178 1872 1181 1877 .

74 1964 105 2000 m
115 1934 206 2026 Quis
234 1934 308 2007 nisi
336 1931 619 2029 Callimachus?
647 1933 679 2006 si
704 1931 792 2029 plus
819 1957 1025 2031 apposuere
1049 1932 1162 2029 visus,

112 2054 171 2132 Fit
195 2057 448 2134 Mimnermus
474 2069 514 2133 et
535 2058 666 2155 optivo
693 2058 922 2155 cognomine
949 2058 1092 2131 crescit.

112 2182 234 2259 Multa
257 2183 352 2277 fero,
379 2194 422 2255 ut
444 2180 594 2279 placem
623 2206 743 2281 genus
770 2180 956 2255 irritabile
981 2194 1125 2275 vatum,

72 2385 111 2437 cte
126 2382 247 2441 dicentis
269 2385 371 2451 poetae
396 2381 446 2435 aed
463 2382 565 2436 misere
582 2381 640 2437 bal·
691 2380 850 2437 debeamus.
880 2382 968 2437 Mucii
986 2385 1060 2439 enim
1078 2385 1172 2455 plures
1189 2382 1261 2439 iuris

72 2453 197 2511 butieutis
216 2454 377 2509 oraticnem
397 2452 493 2507 audire
511 2452 581 2507 mihi
598 2453 638 2507 vi·
690 2454 807 2509 scientia
829 2454 907 2509 luere
930 2456 1062 2525 insignes.
1086 2488 1114 2497 -
1148 2461 1193 2527 qui
1213 2462 1263 2511 mt-

71 2542 110 2579 cus
126 2544 196 2581 aum.
245 2524 319 2592 Quid
335 2524 412 2579 enim
428 2522 482 2578 boc
501 2530 559 2579 eat:
583 2524 638 2579 Ro-
689 2524 749 2593 aas]
781 2524 920 2594 quomodo
953 2528 1059 2595 minus3
1095 2524 1261 2591 Sat.11,a;

71 2613 124 2652 mae
140 2598 208 2654 elim
225 2613 283 2666 pur
301 2590 419 2651 fratrum
438 2596 500 2661 fuit,
515 2602 546 2650 ut
565 2614 638 2650 sum·
688 2597 749 2652 311.
768 2598 794 2662 7,
806 2598 849 2652 96.
871 2625 901 2638 ·-
921 2611 1032 2669 arpalo·
1064 2598 1153 2654 Germ.
1172 2598 1217 2664 Ν,
1231 2602 1258 2668 6,

73 2669 117 2722 nic
138 2687 167 2724 aa
193 2669 317 2724 invicem
334 2667 465 2722 laudibus
483 2667 637 2733 efferrent?
687 2670 730 2722 25.
759 2699 791 2706 -
820 2671 946 2724 ικϊναὺὲἱι
965 2673 1023 2725 cleu
1059 2667 1114 2725 Ubi
1141 2673 1263 2740 primum

74 2737 140 2806 Quae
166 2743 224 2799 non
248 2737 369 2794 infantia
387 2738 499 2795 dicendi
515 2742 568 2803 eat,
588 2738 638 2793 ced
687 2736 882 2804 convenimus,
919 2739 971 2796 bac
995 2740 1071 2796 inter
1099 2758 1151 2796 nos
1177 2741 1260 2796 laude

72 2811 186 2878 perfecta
205 2809 387 2882 perversitas,
403 2811 449 2866 cui
466 2809 637 2880 mitigandae
686 2809 881 2880 praedicamus
911 2812 1080 2881 superbique
1105 2809 1260 2868 incedimus

72 2883 267 3010 Mllllim
289 2881 637 3022 ttttttttttt
687 2881 1262 3010 tttttttt‘ttttt‘tittttttt

71 3022 183 3080 fraterno
195 2971 294 3080 anicii
302 3027 377 3078 amat
386 3024 634 3094 interpretamus«
687 2971 834 3093 sperante}
850 3025 947 3094 utique
964 3023 1078 3080 nostros
1096 3025 1184 3080 libros
1212 2995 1260 3080 nc³

72 3095 161 3166 ltaque
177 3099 274 3151 locum
297 3095 458 3150 lacunosum
487 3113 549 3150 esse
573 3112 638 3150 cen·
687 3103 801 3164 atraque
818 3095 965 3150 simulacra
978 3094 1043 3150 olim
1056 3095 1258 3152 illucdelatum

73 3169 268 3237 eodenmque,
298 3181 353 3236 quc
377 3171 421 3220 est
440 3166 512 3222 miro
530 3166 639 3237 ingenii
687 3165 776 3220 iri.-
787 3166 1049 3238 circumspectemus]
1072 3166 1135 3221 vide
1153 3167 1190 3222 ad
1203 3168 1260 3224 Sat.

72 3240 200 3306 acumine,
219 3239 262 3292 aio
280 3237 435 3308 supplevit:
457 3238 561 3293 »frater
576 3241 638 3292 crat
686 3237 708 3302 Ι,
729 3241 755 3302 2,
775 3239 819 3294 62.
842 3267 872 3276 -
898 3236 1021 3309 coenam]
1043 3238 1099 3292 iam
1116 3242 1261 3316 petentem

71 3305 165 3367 Romae
181 3308 308 3366 consulti
325 3309 430 3375 rhetor,
456 3307 578 3380 [uterque
595 3313 637 3364 ut·
687 3313 717 3363 ct
735 3325 783 3362 eos
802 3307 883 3378 quasi
900 3313 1116 3378 exspectantem.
1141 3339 1176 3350 --
1202 3332 1263 3366 cce·

72 3388 146 3436 terius
166 3384 278 3436 laudum
297 3387 338 3435 eta·
356 3379 528 3448 admiratum]
549 3384 582 3434 ut
598 3380 636 3434 al·
688 3379 788 3450 elimat]
806 3377 911 3434 mutuis
926 3379 1055 3434 leudibus
1074 3385 1213 3436 cert-amus
1226 3385 1259 3436 ut

73 3452 110 3504 ter
126 3453 245 3508 alterius
264 3468 391 3508 sermone
409 3467 503 3506 meros
525 3451 637 3506 audiret
687 3448 875 3520 gladiatorum
887 3451 1072 3516 (Samnitium.
1089 3451 1261 3518 hinnulo,

72 3519 206 3581 honoreac
255 3523 289 3576 ln
306 3523 406 3593 quibua
426 3530 466 3576 εἰσ
485 3525 637 3578 admirator
689 3523 732 3590 17)
760 3539 813 3591 par
847 3523 877 3575 in
904 3521 993 3592 apulis
1029 3521 1147 3578 divitum
1174 3523 1261 3580 bomi-

71 3611 176 3661 prcrauc
194 3594 354 3652 exHoratii
370 3592 636 3662 moredictumest;
686 3611 761 3648 num.
789 3622 823 3633 -
855 3597 890 3646 ad
916 3600 1019 3649 turcinu
1034 3595 1145 3676 ¹prima]
1174 3613 1262 3666 iisque

71 3664 332 3737 cf.1:put.11‚1,ac.
353 3665 546 3731 Sat.1‚10,10.
564 3663 637 3719 Nam
686 3663 722 3718 ad
740 3681 891 3734 vesperam.
912 3681 976 3720 cum
995 3682 1087 3735 prima
1104 3665 1151 3722 sax
1170 3667 1262 3732 incen-

71 3752 100 3790 ne
115 3738 183 3793 illud
201 3737 325 3808 quidem,
351 3737 426 3807 qued
443 3735 637 3791 Doederliniua
687 3735 772 3790 ditur.
802 3766 837 3776 —
861 3737 969 3806 puncto]
994 3738 1028 3792 Α.
1046 3737 1077 3792 P.
1099 3739 1160 3794 343.
1206 3737 1261 3796 cio.

72 3809 636 3948 wiliel?‘tlillldllllll‘
687 3805 887 3948 {imeleff'
903 3807 1263 3936 itttttttttltt

72 3949 143 4016 dam,
168 3899 250 4008 giistis
284 3950 407 4006 consulti
434 3950 551 4005 alicuius
579 3955 637 4018 fra·
687 3950 798 4019 punctis
812 3949 1022 4006 candidatorum
1035 3951 1198 4007 nominibus
1214 3923 1263 4006 adl

73 4032 116 4088 ter,
142 4023 212 4080 adeo
237 4031 326 4092 frater
352 4023 398 4076 rel
424 4021 548 4076 fraterno
578 4020 638 4075 ani·
688 4021 755 4076 ditia
774 4022 849 4076 cives
870 4022 916 4076 cui
935 4023 1070 4077 bonorem
1094 4022 1263 4078 demandare

72 4107 113 4147 mo
130 4101 200 4163 erat,
220 4099 252 4151 ut
264 4097 341 4161 cet),
359 4091 638 4162 difficultatemque
687 4092 797 4147 vellentv
809 4092 980 4148 indicabant.
1005 4123 1037 4133 -
1067 4095 1261 4164 cellimeclan]

72 4163 158 4220 locum
173 4166 305 4222 laborare
322 4165 466 4235 intelligis,
487 4163 572 4218 tollit.
605 4192 635 4204 -
653 4168 665 4174 ‘
687 4163 874 4220 Alexandriae
896 4164 967 4218 vixit
991 4163 1151 4220 Ptolemaeo
1168 4165 1262 4220 Phila·

73 4256 151 4292 nerns
174 4237 303 4304 tusum]
332 4236 402 4291 nihil
428 4234 484 4290 nisi
507 4235 638 4301 honores,
688 4233 790 4316 delphc
827 4241 857 4290 et
892 4236 1033 4304 Euergete
1068 4237 1260 4306 regnantibus.

72 4303 159 4363 laudes
176 4307 411 4377 (complimentc).
431 4337 463 4348 ·-
489 4305 636 4376 Gracchus]
687 4305 805 4374 antil.
822 4305 856 4372 X,
879 4310 901 4371 1,
920 4309 968 4362 58:
987 4305 1082 4360 »Tunc
1100 4311 1131 4361 ct
1147 4311 1262 4380 elapsam

72 4375 129 4432 llcli
146 4397 289 4449 quaerere,
308 4383 402 4434 utrum
416 4377 513 4433 Caium
530 4375 637 4448 siguifi-
687 4378 800 4433 vacabit
834 4377 864 4432 in
903 4393 999 4432 munus
1029 4393 1153 4442 sumere,
1181 4379 1260 4434 cuius

73 4450 336 4506 arcitenentum
347 4467 383 4504 an
393 4449 552 4518 Tiberium3
563 4453 638 4503 uter·
687 4449 820 4574 princeps
830 4448 950 4503 babetur
965 4446 1173 4504 Callimachus«
1193 4449 1261 4506 Iuda

73 4535 119 4588 quc
136 4539 254 4593 magnus
272 4523 370 4576 orator
404 4521 470 4576 Non
486 4521 576 4591 magia
593 4524 638 4575 est
711 4518 1261 4592 ropertiusseltomanumcallimacbum

72 4595 261 4658 quaerendum,
291 4609 372 4662 quem
392 4592 517 4647 Mucium
540 4591 638 4648 ridere
688 4591 843 4663 appellavit
861 4591 907 4656 IV,
933 4592 1020 4656 1,64.
1048 4591 1197 4656 Praeterea
1214 4593 1261 4663 by-
