3125 5225
377 295 461 361 LIB.
483 294 544 360 ΠΙ.
568 292 706 360 CARM.
726 292 824 360 XIX.
847 294 923 361 XX.
1186 292 1245 357 211

207 515 233 555 a
250 483 379 583 Spissa
402 496 440 559 te
466 482 631 557 nitidum
659 508 781 573 coma,

297 610 398 684 Puro
426 620 463 682 te
488 606 664 702 similem,
692 603 873 703 Telephe,
897 604 1069 705 Vespero

248 734 491 833 Tempestiva
514 733 610 831 petit
629 732 784 825 Rhode3

297 860 360 935 Me
381 860 506 937 lentus
533 859 723 954 Glycerae
748 870 867 933 torret
889 884 998 933 amor
1023 885 1142 935 meae.

599 1086 696 1095 .,--..

494 1278 685 1367 Osanna
720 1284 811 1364 XX.

244 1446 333 1521 Non
358 1446 467 1522 vides
494 1458 635 1544 quanto
662 1471 817 1521 moveas
842 1443 997 1543 periclo,

241 1570 401 1668 Pyrrhe,
430 1569 615 1649 Gaetulae
640 1566 785 1643 catulos
810 1568 991 1643 leaenae?

244 1696 352 1769 Dura
372 1707 460 1792 post
484 1693 600 1791 paulo
627 1692 751 1791 fugies
777 1691 945 1768 inaudax

344 1817 500 1893 Proelia
524 1831 666 1916 raptor,

216 1994 349 2071 sCum
377 2017 447 2091 per
473 1992 665 2067 obstantes
691 1991 874 2068 iuvenum
900 2004 1070 2066 catervas

243 2118 325 2193 Ibit
347 2118 536 2216 insignem
563 2130 738 2213 repetens
765 2115 1004 2191 Nearchum:

66 2346 137 2399 nium
154 2346 223 2401 bene
240 2364 287 2401 vv.
302 2346 347 2401 25.
361 2348 397 2401 26
423 2359 447 2402 ts
467 2361 623 2416 pronomen
674 2349 699 2397 2.
719 2369 755 2383 -
768 2343 913 2412 duratae]
933 2344 998 2399 side
1017 2344 1054 2399 ad
1073 2345 1191 2411 Carml,
1203 2349 1246 2410 23,

66 2416 87 2468 in
101 2416 256 2471 esdemarsi
274 2418 321 2473 bis
339 2418 508 2473 collocatum
526 2421 556 2473 et
573 2435 621 2489 po·
677 2419 716 2469 10.
759 2415 847 2469 Plana
873 2415 927 2468 erit
955 2419 1096 2471 sententia
1123 2417 1248 2471 conside·

66 2487 127 2540 nitur
143 2493 242 2543 contra
262 2488 415 2559 insequens
434 2510 473 2543 ms
500 2494 530 2545 ct
555 2506 621 2558 quas
674 2486 810 2547 rantibus,
829 2503 911 2554 quarn
932 2502 1015 2557 saepe
1026 2488 1159 2542 Horatius
1175 2506 1249 2543 eom·

65 2558 162 2614 urium
178 2558 324 2631 Telephus
343 2560 445 2616 habeat
462 2560 564 2618 clarius
581 2561 623 2614 in·
673 2557 827 2629 parandam
842 2573 903 2612 rem
920 2575 984 2613 cum
1000 2576 1031 2614 re
1044 2576 1163 2630 quacum
1174 2577 1248 2615 com-

66 2629 131 2684 dicat.
172 2632 244 2686 llam
273 2634 304 2687 in
323 2633 421 2703 spissis
440 2633 547 2704 capillis
565 2650 622 2686 me·
672 2634 790 2700 paratur
810 2629 851 2683 ita
868 2628 1031 2699 confundat,
1060 2637 1093 2686 ut
1120 2633 1247 2704 singulae

65 2701 106 2754 rito
119 2719 216 2776 magns
233 2721 303 2775 pars
325 2703 544 2774 pulchritudinis
561 2721 622 2760 oer-
672 2707 768 2826 partes
797 2701 827 2754 in
852 2717 939 2754 unum
963 2701 1043 2770 quasi
1066 2718 1168 2772 corpus
1186 2720 1248 2757 coa·

66 2774 171 2829 uebatur.
191 2803 223 2814 -—
245 2775 580 2846 tempestiva10l.0arm.
600 2773 622 2844 l,
684 2777 787 2839 escant.
815 2772 942 2826 Tertium
960 2773 1036 2842 quod
1054 2779 1154 2828 vocant
1173 2792 1249 2829 com·

69 2845 204 2908 ia,12.-
229 2847 335 2918 lentus]
355 2853 388 2903 ut
407 2847 496 2903 Carm.
506 2847 527 2914 l,
543 2845 584 2914 is,
596 2851 620 2902 8.
672 2843 828 2914 patrationis
854 2845 981 2898 cernitur
1006 2846 1036 2898 in
1057 2846 1115 2908 ira,
1145 2849 1247 2915 quant

65 2913 102 2968 ie
116 2933 188 2972 amor
204 2917 255 2988 qui
271 2919 351 2974 lente
364 2919 500 2990 absumit;
517 2920 546 2972 in
563 2923 622 2974 tor·
672 2915 769 2970 leaena
790 2913 898 2969 catulos
923 2915 964 2969 sic
981 2916 1075 2984 puella
1088 2916 1249 2972 Nearchum

64 2987 416 3061 rendoeuimignisnotio
436 2990 621 3058 111111611-
672 2987 826 3041 abductum
842 2991 973 3056 repetere
994 2987 1107 3042 dicitur.
1150 2988 1184 3041 In
1201 3005 1245 3042 rs.

65 3073 113 3111 cers
126 3059 171 3114 cir.
186 3060 208 3128 I,
229 3065 274 3117 19.
673 3061 697 3112 3.
717 3061 734 3111 4
759 3057 818 3111 noli
836 3057 981 3128 negligere
999 3058 1180 3113 artificiosam
1200 3075 1249 3113 ro·

216 3174 366 3228 carmen
386 3171 445 3226 XX
672 3128 836 3184 cabalorum
854 3127 1075 3198 dispositionem,
1094 3131 1248 3199 qualibera

672 3201 851 3268 antiquarum
872 3201 914 3253 lin
955 3217 1035 3253 arum
1044 3200 1248 3271 naturadupli-

90 3265 147 3322 Cum
174 3268 341 3336 Nearchus,
373 3286 443 3337 puer
474 3268 621 3337 delicatus,
672 3287 733 3326 cem
747 3270 828 3325 simul
841 3271 916 3324 antit
936 3272 998 3325 asin
1008 3273 1102 3340 potuit
1120 3273 1249 3341 efficer03

671 3347 741 3398 dura
763 3373 796 3381 —
808 3345 940 3408 inaudita,
962 3346 1083 3396 incedas
1093 3373 1128 3385 -
1142 3356 1246 3416 ruptor,

672 3427 742 3484 quae
764 3411 854 3468 altera
871 3412 1000 3482 oxymori
1018 3419 1101 3484 grata
1125 3415 1248 3485 imagine

670 3486 757 3540 etiam
774 3489 902 3555 augetur.
939 3485 980 3539 De
998 3503 1023 3538 v.
1042 3491 1166 3542 inaudax
1183 3485 1248 3539 vide

671 3557 708 3612 ad
735 3556 826 3610 tarn.
851 3556 878 3619 l,
902 3558 934 3622 ὅ,
960 3559 986 3610 8.
1040 3555 1102 3612 Huc
1129 3557 1247 3623 accedit,

671 3625 746 3698 quod
764 3627 906 3681 communi
921 3627 1060 3681 bonorum
1073 3630 1246 3698 scriptorum

670 3717 722 3752 usu
741 3698 867 3752 tabulam
884 3698 1043 3752 inchoatam
1069 3699 1099 3752 in
1123 3700 1248 3770 singulas

671 3772 756 3824 etiam
775 3773 871 3838 partes
897 3771 1091 3839 persequitur,
1117 3773 1183 3826 inde
1205 3772 1248 3824 iu-

670 3859 771 3896 venum
800 3841 987 3910 (venatorum)
1016 3846 1152 3898 catervae.
1182 3843 1247 3896 inda

669 3917 770 3983 postea
787 3914 908 3982 sagittae
931 3916 961 3966 et
984 3912 1092 3968 dentes.
1140 3914 1247 3968 Dentes

670 3999 771 4038 acuere
798 4001 931 4052 aprorum
957 3985 1048 4053 magis
1084 3989 1127 4039 est
1163 4001 1246 4053 quam

670 4057 781 4110 leonum
810 4053 901 4109 (Hom.
920 4055 953 4109 ll.
971 4055 1122 4126 111,416);
1151 4073 1246 4125 quam·

670 4145 753 4196 qnam
783 4143 818 4179 ne
852 4127 921 4180 haec
954 4125 1067 4196 quidem
1095 4129 1245 4181 translatio

671 4198 799 4267 exemplo
818 4203 904 4251 caret.
915 4227 949 4238 -
962 4198 1105 4268 tmtpssm]
1123 4199 1246 4268 pulchri-

670 4267 768 4322 tudine
788 4269 964 4350 eminentem.
984 4299 1017 4308 -
1035 4277 1138 4339 prande
1156 4281 1247 4324 certa·

669 4339 1245 4480 ttttstitttttttdttttit

670 4481 827 4565 explicant,
846 4482 899 4538 hoc
917 4483 993 4537 enim
1010 4482 1143 4536 liberiore
1159 4499 1246 4552 appo·

669 4554 779 4608 titionis
799 4570 902 4624 genere
922 4571 1006 4624 saepe
1027 4557 1145 4607 utuntur
1164 4554 1245 4608 latini

668 4625 837 4694 scriptorem
855 4625 910 4679 alia
927 4625 1055 4694 exempla
1072 4624 1159 4680 habas
1169 4627 1245 4695 apud

65 3337 141 3393 eodem
162 3343 294 3410 tempore
315 3343 344 3392 et
362 3357 378 3392 a
394 3339 504 3410 Pyrrho
521 3341 621 3396 iuvene

65 3413 113 3464 tls
135 3411 227 3481 puella
253 3414 414 3481 peteretur,
437 3413 505 3484 „ipse
525 3417 620 3466 autem

64 3483 167 3536 neutrius
184 3485 278 3538 amori
297 3499 329 3536 sc
345 3481 471 3548 dederet,
486 3481 620 3538 Horatius

64 3567 109 3624 can
125 3571 179 3608 rem
198 3571 250 3624 per
267 3571 301 3610 sa
316 3553 439 3608 iocosam
453 3559 482 3608 et
491 3555 621 3610 rivalium

64 3625 168 3678 nauibus
202 3627 312 3680 amoris
341 3625 482 3681 excitandi
509 3631 621 3680 conten·

64 3693 165 3750 tionibus
187 3697 344 3752 ridiculam
369 3697 474 3752 derisui
491 3701 524 3752 ut
540 3713 620 3766 prae·

64 3763 125 3844 beret
139 3769 315 3838 aequalibus,
336 3785 433 3822 savaro
450 3767 539 3832 vultu,
558 3785 620 3839 grs-

64 3835 242 3915 aberrastis,
264 3838 620 3910 magnificiscomparatio·

65 3907 134 3972 sibus,
152 3912 225 3965 omni
244 3911 371 3978 danique
384 3911 517 3965 orationis
536 3927 621 3981 appa·

65 3983 112 4030 ratu
126 3989 231 4036 auctam
258 3986 290 4037 et
316 3981 514 4051 amplificatam
541 3999 621 4036 enar-

65 4051 125 4104 rsrit.
143 4052 215 4108 Haec
230 4055 396 4108 unicesera
413 4053 620 4123 interpretandi

66 4125 173 4177 murinis
201 4125 277 4179 ratio
309 4125 431 4188 videtur,
462 4141 532 4194 qnae
556 4141 620 4179 cum

66 4193 162 4247 nondum
189 4199 265 4250 esset
297 4195 457 4262 intellecta,
492 4213 548 4251 non
576 4199 620 4250 est

66 4263 145 4319 uirum
162 4267 235 4336 qnod
252 4269 370 4322 exstitit
387 4269 431 4320 vir
447 4267 554 4334 dedus,
572 4268 619 4338 qui

67 4335 190 4391 obscurum
226 4355 345 4393 carmen
374 4345 402 4392 et
429 4337 546 4393 Horatio
572 4339 619 4393 vix

68 4402 159 4474 dignum
182 4410 336 4466 masma·
363 4409 531 4464 Oeconomia
555 4411 619 4464 sim-

70 4477 123 4542 plex,
132 4481 196 4536 ordo
207 4482 314 4546 clarus,
327 4497 424 4536 rerum
434 4481 618 4536 verborumve

69 4555 185 4606 1111111111
202 4553 324 4606 nullum.

92 4617 149 4676 tl.
176 4623 295 4696 periclo]
315 4622 384 4679 vide
402 4621 440 4676 etl
448 4621 580 4691 Carmll,
592 4627 618 4688 2,
