3125 5225
323 257 652 331 EPISTOLARUM
672 261 759 328 LIB.
782 261 808 328 l.
831 260 973 333 emsa.
989 261 1018 326 1.

1205 235 1270 330 cia

130 441 337 540 Maecenas,
364 443 504 520 iterum
528 443 686 544 antiquo
712 471 774 522 me
791 445 998 522 includere
1022 447 1135 544 ludo;

129 563 211 640 Nou
235 567 368 644 eadem
396 580 452 644 cst
477 580 591 664 aetas,
617 593 696 644 non
723 595 843 646 mens.
894 570 1079 646 Veianius
1100 573 1218 647 armis

102 690 302 766 sHerculis
327 692 378 768 ad
403 705 552 791 postem
574 692 658 768 fixis
682 693 776 769 latet
800 693 953 770 abditum
981 721 1088 794 agro,

128 813 181 890 Ne
205 813 392 914 populum
415 829 582 892 extrema
606 817 717 892 toties
743 832 874 894 exoret
894 845 1023 896 arena.

128 939 189 1014 Est
213 939 308 1014 mihi
334 951 538 1038 purgatam
565 938 700 1014 crebro
727 941 794 1038 qui
817 955 998 1037 personet
1023 967 1177 1018 aurem:

128 1061 237 1138 Solve
263 1049 520 1140 senescentem
546 1073 694 1136 maturo
720 1087 834 1138 sanus
857 1089 1012 1164 equum,
1037 1093 1087 1142 ne

86 1249 164 1306 carii:
184 1251 295 1306 »Prima
312 1251 431 1322 epistola
448 1251 546 1322 quovis
564 1247 648 1306 melle

88 1322 185 1378 dulmor
194 1325 247 1378 est.
268 1322 431 1378 Sententiae
442 1339 477 1394 ap
517 1323 648 1384 uiuaci·

85 1339 649 1465 diomdarotundmsuaris.gdapropter

87 1465 197 1520 arbitror
205 1471 379 1538 postremam
396 1465 518 1520 omnium
536 1465 614 1538 (libri
624 1465 646 1535 1)

84 1534 181 1606 imum,
199 1535 322 1608 primam
337 1536 458 1606 positam
473 1537 509 1591 ob
524 1537 648 1592 lacman-

84 1609 132 1661 tam
156 1609 328 1664 raritatem«
376 1605 419 1662 Ds
441 1613 569 1678 tempore
592 1625 647 1680 quo

84 1679 177 1750 scipta
185 1680 222 1734 sit
235 1678 357 1762 epistola
368 1677 443 1733 idem
453 1695 527 1736 nune
539 1697 648 1750 quoque

84 1747 198 1805 iudicant
211 1751 268 1808 rin
286 1749 372 1806 docti.
388 1749 432 1806 Ns
444 1755 537 1806 tamen
550 1753 647 1807 credas

84 1817 217 1877 Horatium
248 1820 298 1892 qui
324 1821 391 1876 olim
415 1820 574 1878 Stoicorum
599 1822 647 1878 do·

84 1892 189 1948 utrinam
208 1898 243 1948 ut
260 1893 387 1948 insanam
398 1891 573 1976 sugillaverit
589 1893 647 1948 lau·

85 1959 146 2018 datis
171 1963 274 2020 iisdem
300 1968 459 2034 praeceptis
497 1981 554 2020 uon
583 1978 647 2019 con·

84 2037 190 2089 dautem
206 2035 308 2100 videri,
336 2035 526 2090 animadverte
544 2051 646 2106 quaeso

83 2103 190 2174 lepidam
206 2107 288 2163 illam
307 2106 482 2172 senteutiam,
509 2123 564 2176 qua
589 2105 647 2176 epi·

84 2175 160 2232 stolae
176 2176 270 2236 facete
288 2181 316 2231 et
333 2178 427 2232 iocose
445 2175 509 2232 finis
526 2178 568 2232 ita
596 2177 646 2232 im·

19 2243 20 2248 ’
84 2250 193 2316 ponitur,
219 2251 253 2304 ut
273 2249 341 2319 quid
359 2247 527 2303 discriminis
544 2247 647 2304 facisn-

84 2317 137 2372 dum
159 2321 195 2376 sit
219 2321 297 2376 inter
314 2323 404 2376 artem
424 2323 452 2374 et
470 2321 558 2376 vitam
574 2321 648 2376 bens

83 2385 144 2445 huuc
160 2390 338 2447 intellexisse
357 2391 460 2448 videas.

111 2459 173 2518 iti.
209 2483 316 2518 ιιιιιιιιια
342 2461 472 2534 Gamerae]
502 2461 532 2516 Si
572 2461 647 2518 ifieat

83 2537 155 2598 poeta
171 2537 250 2590 suam
270 2547 335 2587 cum
349 2531 513 2588 Maecenate
542 2533 646 2588 amilia-

83 2599 189 2673 ritstem,
209 2601 378 2676 dignissimo
394 2603 455 2659 uiro
474 2622 556 2675 quem
575 2622 646 2661 sem-

112 2680 166 2729 rat
189 2676 400 2747 praedicaverit
429 2681 458 2731 et
483 2676 646 2747 praedicare

97 2744 177 2803 abeat
223 2748 259 2801 In
285 2764 340 2819 quo
364 2747 426 2803 loco
445 2748 503 2802 noli
520 2749 646 2818 cogitare

82 2812 110 2867 de
121 2818 200 2873 certia
210 2819 397 2889 carminibus,
416 2818 554 2891 generalis
571 2821 646 2874 enim

82 2888 204 2945 enuntia
221 2895 279 2945 est,
322 2888 365 2945 De
381 2908 443 2945 voc.
462 2910 564 2946 ιιιιιιιιιιι
582 2890 646 2945 vide

82 2956 109 3010 ad
125 2958 211 3017 Germ.
220 2961 275 3027 111,
288 2962 331 3027 28,
345 2964 385 3017 le.
421 2961 457 3017 ci.
474 2958 554 3035 Virg.
575 2962 646 3015 Aen.

82 3024 114 3097 II,
132 3034 190 3087 324.
240 3032 312 3087 Inde
337 3031 451 3100 Quintil.
469 3030 523 3097 VI,
540 3034 574 3101 4,
595 3036 645 3102 223

83 3098 189 3158 ›lindem
207 3105 237 3159 in
261 3104 430 3174 argumentis
449 3101 523 3157 ratio
542 3108 593 3169 cst,
614 3109 646 3158 ut

81 3174 268 3239 potentissima
295 3174 387 3245 prima
412 3178 441 3230 et
466 3192 574 3229 summa
597 3190 645 3245 po-

80 3246 177 3300 santur.
215 3246 285 3319 ipsa
305 3246 423 3301 Camena
440 3246 560 3315 impedit
578 3262 646 3317 quo·

82 3314 159 3369 uiuus
177 3321 226 3372 aut
244 3318 347 3373 satiras
373 3318 422 3371 aut
447 3315 581 3389 epistolas
605 3318 646 3372 iu·

82 3384 252 3458 alligamus«
293 3387 327 3444 ei.
346 3386 402 3443 Sat.
414 3388 435 3456 l,
446 3390 471 3455 4,
486 3390 529 3445 40.
565 3388 600 3459 Π,
639 3430 645 3454 ,

83 3457 117 3538 ¹⁷:
133 3487 162 3497 -
180 3458 344 3531 epulatum]
364 3458 490 3515 Verbum
510 3458 565 3515 hoc
581 3476 647 3586 Ero·

80 3542 158 3595 puum
173 3536 219 3587 est
238 3530 276 3587 de
293 3528 508 3603 gladiatoribus,
533 3530 582 3603 qui
602 3550 646 3586 ns·

82 3612 133 3651 cum
148 3607 233 3671 poeta
254 3620 286 3658 ss
301 3619 435 3686 suamque¹
450 3603 560 3687 laudem
571 3618 645 3657 oom-

81 3674 162 3797 litt
178 3671 460 3815 ,erutuet
473 3672 645 3815 “petite

83 3810 141 3866 rude
158 3815 352 3884 donabantur;
370 3814 444 3887 quod
458 3817 569 3887 signum
584 3820 646 3871 erat

82 3888 316 3953 exauctorationis,
335 3888 360 3942 si
376 3887 460 3945 liberi
478 3891 567 3953 arant,
579 3887 645 3944 mis·

82 3952 154 4011 uenis
179 3960 249 4015 artis
280 3957 474 4029 gladiatoriae,
511 3958 535 4012 si
563 3959 644 4015 servi.

82 4020 141 4081 Huic
157 4030 244 4100 igitur
265 4030 393 4085 missioni
410 4030 562 4103 opponitur
590 4033 645 4085 ull

82 4104 177 4169 antiquo
206 4104 348 4157 includere
377 4102 449 4170 lude,
481 4101 529 4171 qui
562 4100 644 4157 ludus

82 4181 128 4221 uon
152 4176 194 4227 ast
221 4169 470 4245 amphitheatrum,
498 4189 556 4298 guo
582 4186 645 4244 spe·

82 4238 216 4297 elabantur
240 4260 366 4309 munera,
396 4244 445 4299 sed
468 4244 496 4298 lu
517 4260 550 4297 us
576 4244 644 4299 lani·

698 1253 792 1305 autem
818 1267 848 1305 se
874 1247 999 1321 Veianio,
1026 1252 1090 1322 qui,
1116 1267 1180 1308 cum
1205 1257 1272 1324 post

698 1321 802 1378 multas
819 1322 925 1392 palmas
942 1323 1056 1379 Herculi
1078 1331 1271 1382 consecrasset

698 1410 748 1448 sua
773 1410 860 1458 arms,
887 1393 1001 1450 taudem
1025 1399 1175 1461 contentus
1201 1414 1270 1469 agro

698 1481 748 1519 auo
769 1465 902 1535 privatim
918 1465 997 1520 vixit.
1043 1467 1126 1521 Cuius
1143 1469 1270 1539 exemplo

696 1539 815 1661 gropter
833 1539 954 1591 aetatem
971 1539 1001 1592 et
1017 1536 1178 1593 institutum
1196 1539 1271 1594 ritae

718 1607 768 1662 icit
790 1607 895 1662 relictii
917 1607 987 1663 iocis
1011 1613 1042 1664 st
1063 1609 1158 1678 lyricis
1182 1608 1271 1666 rsrsi·

696 1677 749 1732 bus
769 1695 799 1733 se
815 1677 889 1733 velle
898 1680 1020 1734 transire
1032 1679 1068 1734 ad
1076 1680 1269 1752 philosophiae

697 1749 846 1804 studium«
884 1750 987 1806 Gomm.
1007 1751 1090 1822 Gruq.
1118 1783 1151 1793 -
1177 1753 1268 1824 sotim]

698 1821 809 1890 quoties
826 1821 929 1876 audeat
936 1823 968 1877 in
984 1839 1099 1878 arenam
1112 1823 1205 1878 denuo
1222 1821 1269 1878 de-

697 1891 832 1948 scendere
850 1895 880 1947 et
896 1910 960 1948 cum
976 1894 1131 1949 iunioribus
1155 1899 1185 1949 et
1202 1893 1272 1949 vali·

697 1963 825 2018 dioribus
849 1963 924 2019 uires
947 1981 1123 2035 componere.
1158 1964 1193 2020 ei.
1211 1965 1270 2021 Sat.

696 2033 732 2099 11,
751 2037 777 2100 ⁷,
796 2039 839 2090 70.
885 2035 968 2090 Lassi
996 2037 1069 2091 euim
1098 2035 1271 2106 gladiatores

697 2123 775 2160 arma
785 2106 997 2162 summittebant
1001 2127 1009 2178 ;
1023 2124 1078 2178 quo
1086 2107 1163 2162 iacto
1173 2125 1190 2162 a
1199 2113 1269 2163 nutu

734 2177 1269 2248 pulimorssorumpendebatautsalus.

696 2193 751 2316 goul
768 2251 863 2304 saucio
879 2249 1012 2306 favebant
1028 2250 1194 2322 premebant
1210 2249 1270 2322 pol·

696 2320 845 2390 licem3qui
856 2321 1022 2376 ascaricum
1032 2321 1172 2388 volebant,
1190 2326 1269 2377 retro

696 2391 1270 2464 vertebautpollicemetsubrigebaut.Iu·

696 2478 757 2516 reu.
769 2465 795 2527 3,
807 2466 864 2546 3⁶².
896 2463 1029 2547 »Munera
1044 2482 1119 2518 nuuc
1135 2465 1223 2519 edunt
1241 2469 1271 2546 et

695 2549 777 2659 liet
796 2532 1270 2690 ctlctuctueettez

697 2678 742 2731 se.
802 2694 829 2732 ue
848 2677 937 2749 igitur
954 2678 1085 2733 Veranius
1103 2696 1139 2734 ne
1158 2682 1270 2749 partam

695 2746 750 2803 sibi
768 2746 991 2819 laudsmperdat
1007 2747 1131 2804 nullone
1149 2750 1271 2804 maximo

695 2818 1269 2961 culteruauttttettett

697 2977 814 3031 remque
834 2961 956 3031 palmam
975 2968 1119 3033 reportare
1136 2968 1270 3019 tentaret

696 3031 784 3103 Saepe
802 3032 876 3087 enim
893 3033 999 3089 iactum
1018 3038 1069 3100 est,
1096 3040 1128 3089 ut
1150 3035 1198 3105 qui
1214 3035 1271 3089 iam

696 3104 774 3186 missi
790 3108 885 3159 esseut
902 3105 1074 3175 gladiatores
1101 3105 1219 3160 rudiarii
1235 3107 1272 3160 ad

695 3174 807 3301 ittet
831 3176 1271 3317 tueratusstemte:

695 3322 834 3372 curentur.
869 3318 1057 3375 arsasius:
1078 3318 1193 3373 »Munus
1210 3320 1269 3390 gla-

695 3386 846 3444 diatorium
856 3388 942 3455 dedit,
954 3390 1085 3445 rudiariis
1092 3406 1202 3460 quoque
1209 3390 1268 3459 qui·

694 3460 813 3515 busdam
831 3461 970 3516 revocatis
987 3466 1195 3517 auctoramento
1206 3478 1270 3518 een·

696 3536 792 3587 tenum
810 3532 954 3588 millium«
975 3562 1010 3573 -
1031 3546 1152 3588 caerem
1171 3534 1268 3617 uranu]

695 3602 804 3657 Acron:
835 3605 933 3672 aquia,
962 3603 1121 3672 ladiatores,
1151 3605 1271 3675 petituri

694 3673 802 3743 rudem,
829 3674 864 3729 de
887 3621 979 3729 meda
1007 3692 1093 3730 arena
1122 3676 1271 3733 conferunt

695 3745 778 3800 seed
803 3746 977 3816 crepidinem
1001 3746 1100 3802 Circi«
1120 3776 1154 3787 -
1171 3770 1270 3821 purga·

695 3820 762 3883 tum]
784 3816 863 3872 Pers.
882 3820 907 3883 5,
926 3819 979 3873 96:
1013 3818 1092 3873 »Stat
1110 3823 1209 3875 contra
1225 3835 1271 3874 ra·

694 3887 783 3943 ticet
807 3893 945 3944 secretam
969 3891 1068 3962 gannit
1091 3890 1121 3944 in
1147 3907 1268 3945 aurem«

694 3958 752 4015 Pur
773 3960 859 4014 abant
900 3959 1002 4015 medici
1046 3962 1155 4031 antiqui
1188 3978 1270 4018 auree

694 4046 741 4085 sor
764 4031 824 4086 'bus
842 4030 969 4087 dolantes
986 4032 1079 4087 infuso
1096 4038 1184 4088 aceto.
1209 4032 1269 4088 Iam

695 4118 765 4172 quae
793 4107 930 4174 purgatae
957 4107 1023 4158 sunt
1049 4119 1130 4169 aures
1159 4102 1269 4159 facilius

694 4172 836 4243 accipiunt
863 4174 962 4229 allator
990 4190 1073 4229 sonos
1109 4176 1139 4227 et
1176 4190 1268 4241 voces,

694 4247 726 4299 ut
750 4244 806 4315 ipsi
831 4244 957 4300 homines
975 4246 1010 4300 iis
1035 4243 1145 4300 facilius
1161 4246 1269 4301 obtem-

84 4312 140 4378 rtao,
157 4312 185 4367 in
202 4316 284 4371 cuius
301 4314 395 4387 parvis
415 4314 492 4373 cellis
508 4314 644 4387 gladiato·
692 4320 791 4386 perant
807 4334 896 4387 neque
915 4334 985 4388 quae
1002 4317 1137 4372 benevme
1160 4318 1269 4373 monita
1320 4380 1325 4389 ¹

82 4394 118 4435 ree
135 4384 290 4443 alebantur.
310 4411 343 4430 -ἡ
362 4386 500 4472 Veianius]
521 4386 644 4443 »Nomen
694 4392 760 4443 suut
778 4392 921 4457 spernant,
948 4392 1080 4457 tanquam
1112 4386 1190 4442 surdi
1218 4389 1266 4458 qui

82 4456 212 4523 proprium
226 4456 393 4529 gladiatoris
406 4454 584 4529 bobilissimi3
603 4458 645 4516 iu·

82 4526 157 4581 eunde
180 4528 234 4584 hoc
260 4528 420 4601 exemplum
445 4526 550 4596 attudit,
579 4527 645 4599 quia

82 4598 194 4667 superius
218 4600 349 4655 meminit
376 4598 444 4655 ludi.
492 4600 644 4671 eomparat

693 4458 763 4513 nihil
787 4460 900 4514 omnino
923 4458 1090 4513 audiverint
1118 4490 1151 4499 -
1196 4480 1268 4514 eruo·

692 4528 753 4657 mi
767 4531 858 4587 active
878 4535 912 4586 ut
929 4528 1008 4602 Virg.
1027 4528 1097 4583 Aen.
1108 4528 1155 4597 Vl,
1188 4533 1230 4586 18.

754 4604 797 4657 ,8.
825 4606 899 4658 soloe
925 4598 1114 4672 senescentem]
1142 4598 1267 4658 Eandem
