3125 5225
599 718 644 823 Q.
672 716 894 804 noanon
923 642 1115 803 inieci

511 908 1184 1019 EPODON

535 1119 539 1126 ·
732 1120 966 1194 121n1ea

808 1315 906 1327 ——n

725 1484 915 1572 Osanna
951 1484 982 1570 Ι.

450 1648 529 1725 Ibis
553 1648 735 1726 Liburnis
759 1650 860 1725 inter
885 1648 963 1725 alta
987 1647 1154 1745 navium,

552 1770 700 1873 Amice,
723 1772 1016 1875 propugnacula

449 1896 608 1975 Paratus
634 1924 748 1975 omne
775 1897 948 1979 Caesaris
974 1894 1188 1997 periculum

545 2022 696 2121 Subire,
723 2025 936 2119 Maecenas,
963 2034 1051 2096 tuo:

448 2235 597 2293 Carmen
614 2234 637 2290 1.
877 2216 1024 2301 Μβθθθῑέῧ
1034 2214 1217 2301 θῦῑβῖῖωω
1234 2214 1264 2298 ῙΡ
1280 2212 1387 2269 bfflum
1406 2226 1455 2293 9⁰·

877 2288 996 2343 m1tand1
1020 2288 1168 2344 consrhum
1191 2288 1276 2357 oepit.
1316 2283 1456 2337 Horatius

287 2356 456 2483 fletos
475 2357 584 2483 irs
603 2356 829 2484 temeti
877 2376 930 2486 ic
950 2356 1457 2487 sociiflentes

253 2445 410 2583 weiss
434 2446 509 2582 egini
535 2446 638 2555 eorosii:
660 2504 705 2583 est
732 2500 827 2571 opinio
877 2501 1019 2587 professus
1045 2508 1096 2569 est,
1123 2502 1299 2587 'iisdem'sese
1317 2496 1456 2580 perionlis

253 2570 829 2728 titltitttttttei‘ltti
878 2568 1456 2730 tttttttttlssittaitte

253 2713 829 2858 ttitffltitttttittqett
877 2717 1059 2843 tilieti
1078 2719 1457 2860 teletam

254 2861 280 2912 7.
302 2857 347 2927 16)
372 2874 462 2941 neque
485 2857 565 2912 illum
592 2859 729 2942 benevole
755 2857 827 2914 aoei-
877 2859 1080 2944 faciamuvetas.
1119 2859 1160 2914 'In
1177 2876 1232 2929 qna
1250 2873 1283 2912 re
1300 2857 1350 2926 qui
1359 2857 1454 2980 imm
1560 2875 1561 2878 ¹

252 2944 322 2999 pere
340 2933 468 2998 potuisse
485 2946 575 3014 neque
593 2929 668 3014 lunc
684 2930 828 3001 msulgus
877 2947 922 2986 me
941 2931 994 2985 tibi
1010 2947 1093 3001 posse
1112 2927 1331 3010 obtemperaret
1372 2942 1455 3012 mmo

253 2999 337 3055 edere
355 3017 454 3054 ausum
471 3017 532 3054 essa
551 3002 605 3055 sibi
622 3000 826 3071 persuaderent
878 3005 992 3074 paratus
1009 3020 1071 3057 sum
1089 3004 1182 3060 omnia
1199 3007 1250 3057 tua
1268 2998 1396 3072 pericula
1419 2998 1456 3052 li·

252 3073 281 3126 et
308 3074 420 3126 mortuo
448 3071 560 3127 demum
576 3071 695 3126 Horatio
712 3070 828 3144 Epodos
877 3075 979 3130 benten
995 3072 1084 3139 obire,
1110 3091 1167 3129 non
1185 3072 1259 3128 lucri
1283 3075 1313 3127 et
1328 3067 1455 3142 praedae
1560 3083 1561 3090 ¹

254 3158 272 3197 a
341 3142 472 3198 mmatico
491 3143 585 3214 aliquo
610 3141 744 3198 collectos
767 3159 828 3199 esse
878 3161 962 3212 eausa
980 3145 1030 3200 sed
1048 3146 1113 3216 quia
1129 3159 1261 3216 praesens
1280 3142 1333 3198 tibi
1359 3143 1455 3196 minus

302 3219 436 3268 rmarent.
468 3214 577 3270 Nomen
597 3218 692 3268 autem
710 3215 763 3269 hoo
780 3230 828 3286 ge·
877 3217 962 3270 timeo
981 3233 1064 3286 qnam
1082 3215 1187 3271 Romae
1205 3215 1346 3270 relictus«
1374 3212 1456 3268 Haec

252 3303 305 3340 nus
324 3285 477 3340 carminum
497 3286 606 3357 aceepit
625 3304 642 3341 a
658 3290 827 3357 metroque
878 3287 1026 3358 Horatium
1054 3287 1201 3344 Maecenas
1220 3285 1322 3344 deinde
1339 3281 1388 3354 qni
1408 3301 1455 3338 ar·

255 3357 312 3412 duo
332 3357 472 3428 simplices
491 3373 588 3413 versus
603 3357 644 3412 ita
655 3358 829 3430 ooninngnn·
877 3360 957 3414 banis
985 3357 1107 3430 negotiis
1134 3362 1278 3430 praeesset
1303 3355 1340 3412 ab
1368 3353 1455 3410 Oeta·

254 3430 312 3494 tur,
330 3432 362 3482 ut
379 3432 429 3483 aut
448 3430 603 3500 longiorem
621 3429 734 3484 brevior
753 3429 828 3484 exoi·
878 3429 1209 3502 vianoreliotusoaptum
1223 3433 1288 3484 ante
1305 3425 1456 3484 consilium

254 3499 316 3569 piat
343 3505 393 3554 aut
418 3500 576 3556 breviorem
587 3501 713 3573 ‘longior
731 3517 828 3571 sequa·
878 3519 934 3557 non
951 3507 995 3557 est
1012 3507 1184 3574 persecutus.

253 3575 308 3626 tur.
355 3571 416 3638 Qno
446 3573 530 3626 metri
554 3589 657 3644 genere
681 3571 717 3626 ad
736 3586 829 3627 exem·
913 3573 945 3627 V.
958 3577 982 3627 1.
1010 3573 1148 3646 Liburnis]
1178 3571 1321 3628 Liburnae
1344 3565 1389 3624 vel
1405 3563 1457 3621 Li·

253 3641 334 3712 plnrn
345 3641 508 3698 Archilochi
525 3646 555 3698 et
572 3643 692 3698 aliorum
709 3643 828 3699 Graeco·
879 3643 1012 3700 bumioae
1030 3661 1114 3700 naves
1133 3647 1216 3700 erant
1232 3655 1335 3714 parvae
1357 3641 1388 3696 at
1404 3654 1456 3693 ve·

254 3730 318 3769 snm
326 3713 460 3768 Horatius
473 3732 541 3769 nsus
551 3719 596 3769 est
604 3715 633 3769 in
644 3715 773 3770 omnibus
785 3715 828 3771 his
878 3715 1035 3772 locissimae
1053 3733 1070 3771 a
1088 3715 1230 3781 Liburnis,
1259 3713 1343 3784 gente
1362 3708 1455 3780 lllyri-

254 3785 424 3841 carminibus
439 3791 556 3857 excepto
572 3785 681 3842 decimo
698 3788 828 3858 septimo,
880 3803 921 3850 oa,
939 3788 1107 3844 nominatae.
1142 3787 1230 3844 Plura
1248 3783 1313 3840 vida
1328 3781 1402 3836 inira
1421 3781 1455 3836 in

197 3898 201 3904 .
254 3856 338 3926 qnod,
355 3857 492 3927 siquidem
508 3874 565 3912 non
574 3859 665 3924 metri,
682 3859 830 3914 reitamen
877 3859 1015 3915 Excussa.
1041 3889 1072 3900 -·
1100 3865 1126 3915 α’
1144 3855 1300 3932 superstite]
1331 3853 1387 3908 Alii
1415 3857 1457 3907 aa's

254 3933 355 3983 natura
365 3929 710 4000 reliquisoognatumeat3
728 3929 830 3999 deque
879 3945 1003 4002 separas..
1032 3929 1107 4000 quod
1131 3931 1239 3986 minore
1259 3923 1386 3983 codicum
1404 3939 1456 3978 au-

255 4016 287 4054 re
303 4001 493 4056 memorabilia
510 4002 588 4055 loeus
605 4005 650 4055 est
662 4001 751 4071 ipsius
763 4017 829 4071 poa·
879 4002 1011 4058 ctoritate
1028 4001 1137 4058 nititur.
1156 3999 1301 4058 voeabula
1319 4009 1345 4051 ts
1358 4015 1455 4066 sapar-

254 4073 301 4126 tae
318 4071 410 4142 Epist.
423 4071 444 4138 1,
462 4076 502 4136 19,
514 4075 557 4127 23.
598 4071 769 4127 Monendum
787 4077 829 4127 ta·
881 4079 951 4138 stite,
980 4089 1097 4142 quornm
1129 4073 1249 4128 altcmm
1275 4071 1306 4124 in
1336 4082 1456 4124 mesura

253 4159 317 4198 men
336 4146 380 4199 est
397 4159 432 4198 ne
450 4145 512 4214 quis
525 4143 829 4214 omniaquaeinlipo·
879 4143 999 4200 alterum
1028 4144 1058 4198 in
1081 4141 1137 4200 fine
1163 4159 1260 4200 sersus
1284 4139 1457 4196 collocatum

253 4213 297 4268 slis
314 4214 446 4286 legantur
463 4215 576 4270 nomina
592 4215 825 4286 propterArohi-
872 4220 931 4280 est,
959 4215 1028 4272 locis
1055 4214 1190 4270 distracta
1217 4215 1308 4268 metro
1335 4209 1454 4265 coniun-

252 4285 326 4341 loohi
334 4286 519 4342 imitationem
528 4302 596 4340 vera
604 4286 700 4341 statim
710 4287 826 4357 habeat;
876 4289 997 4360 gustum
1025 4304 1083 4344 non
1110 4286 1194 4341 aliter
1219 4303 1245 4340 v.
1259 4285 1291 4339 17
1314 4279 1457 4338 vocabula

252 4357 338 4412 immo
373 4375 441 4412 vero
472 4361 692 4413 consentaneum
722 4361 767 4412 est
795 4358 826 4412 in
876 4363 980 4412 minore
998 4371 1075 4414 mets.
1117 4357 1193 4412 Omlo
1210 4357 1256 4412 hio
1275 4359 1332 4408 est:
1367 4351 1456 4407 aibas

253 4427 362 4512 Epodia
381 4445 490 4500 quoque
516 4427 589 4484 fictis
611 4428 755 4483 interdum
776 4446 826 4484 no·
875 4429 935 4484 rita
948 4427 972 4483 si
986 4431 1014 4483 te
1025 4427 1254 4514 superstiteisit),
1266 4369 1403 4490 incanam
1426 4423 1455 4478 si

254 4498 378 4554 minibus
394 4501 521 4571 aequales
539 4499 650 4554 Horatii
667 4501 762 4556 celari
875 4503 982 4566 contra.
1009 4501 1109 4572 gravia
1155 4499 1290 4556 Similiter
1308 4515 1366 4576 aare
1383 4511 1446 4549 ver·

289 4569 371 4623 Anno
400 4589 428 4624 u.
448 4589 472 4627 o.
490 4574 543 4626 723
571 4587 636 4626 cnm
663 4571 768 4628 bellum
796 4571 825 4627 in
873 4574 942 4629 bum
960 4571 1092 4628 omissum
1118 4571 1191 4628 inira
1223 4589 1247 4627 v.
1260 4573 1286 4634 8,
1315 4565 1365 4621 abi
1390 4565 1456 4620 elli·

254 4639 430 4710 Cleopatram
448 4641 649 4699 simeonium
667 4644 826 4714 pararetur,
874 4643 932 4716 psis
951 4643 993 4700 sie
1020 4643 1158 4715 explenda
1184 4642 1251 4700 erit:
1281 4654 1339 4696 non
1367 4635 1451 4694 dulce
