3125 5225
491 304 578 373 LIB.
599 303 626 372 1.
651 301 793 374 EPIST.
813 301 908 369 XVI.
1240 299 1303 366 533

152 493 254 570 Fons
281 495 397 572 etiarn
421 495 505 570 rivo
533 493 625 570 dare
650 517 791 569 nomen
816 491 990 588 idoneus,
1017 500 1060 565 ut
1082 513 1154 566 nec

152 618 350 719 Frigidior
369 621 559 697 Thracam
585 644 656 695 nce
679 619 816 717 purior
840 617 985 692 ambiat
1009 615 1175 710 Hebrus,

152 746 311 823 Infirmo
338 746 453 846 capiti
479 745 563 820 fluit
587 743 702 841 utilis,
727 743 829 818 utilis
855 742 954 817 alvo.

101 903 128 943 ιε
152 871 239 948 Hae
259 871 431 946 latebrae
458 869 600 966 dulces,
629 869 758 957 etiam,
784 867 816 942 si
841 865 975 961 credis,
1004 887 1198 958 amoenae,

151 993 393 1072 Incolumem
418 995 488 1070 tibi
514 1018 575 1070 me
602 1003 798 1092 praestant
822 990 1109 1090 Septembribus
1135 988 1250 1063 horis.

152 1119 211 1194 Tu
238 1131 341 1194 recte
365 1117 473 1214 vivis,
501 1118 533 1193 si
559 1143 668 1193 cures
694 1141 776 1193 esse
804 1115 911 1216 quod
937 1113 1057 1190 audis.
1084 1147 1087 1151 ’

151 1243 343 1320 Iactamus
367 1243 445 1319 iam
470 1240 622 1341 pridem
646 1243 770 1317 omnis
797 1255 836 1316 te
862 1243 985 1317 Roma
1006 1239 1181 1334 beatum3

150 1367 229 1445 Sed
255 1393 391 1444 vereor
415 1393 464 1442 ne
491 1367 553 1442 oui
580 1365 628 1442 de
654 1379 693 1442 te
718 1366 806 1465 plus
835 1391 952 1466 quam
977 1365 1048 1440 tibi
1074 1361 1218 1458 credas,

97 1523 125 1562 a
148 1493 259 1569 Neve
284 1503 393 1591 putes
419 1491 537 1566 alium
563 1492 735 1590 sapiente
761 1492 943 1590 bonoque
969 1491 1135 1582 beatum,

149 1615 237 1692 Neu
263 1615 295 1691 si
317 1627 355 1690 te
380 1614 547 1713 populus
574 1640 708 1690 sanum
735 1625 916 1714 recteque
936 1613 1128 1688 valentem
1227 1595 1232 1604 ’

149 1739 318 1836 Dictitet,
345 1739 533 1816 occultam
561 1739 808 1815 febrem'sub
835 1751 985 1837 tempus
1013 1735 1154 1813 edendi

148 1863 387 1960 Dissimulss,
416 1864 539 1941 donec
567 1864 741 1940 manibus
766 1875 911 1938 tremor
937 1861 1081 1938 incidat
1106 1860 1238 1936 unctis.

150 1987 364 2066 Stultorum
391 1989 564 2065 incurata
589 1987 715 2088 pudor
742 1987 865 2063 malus
891 1987 1021 2062 ulcera
1045 1986 1155 2063 celat

94 2145 122 2184 a
152 2111 194 2190 Si
220 2111 306 2212 quis
331 2111 434 2188 bella
455 2110 525 2186 tibi
550 2123 651 2187 terra
676 2123 849 2211 pugnata
873 2109 1050 2210 marique

146 2239 259 2314 Dicat
284 2248 323 2312 et
346 2235 407 2312 his
433 2237 560 2312 verbis
585 2261 723 2312 vacuas
749 2235 987 2336 permulceat
1011 2259 1147 2311 aures:

148 2363 256 2438 Tene
280 2361 402 2459 magis
426 2359 574 2436 salvum
598 2361 765 2461 populus
792 2361 894 2458 velit,
920 2387 970 2436 an
995 2359 1182 2459 populum
1205 2371 1259 2457 tu,

148 2487 283 2565 Servat
308 2487 349 2559 in
371 2485 566 2585 ambiguo,
593 2485 659 2586 qui
685 2485 848 2561 consulit
873 2498 910 2561 et
934 2486 1006 2561 tibi
1032 2497 1070 2560 et
1093 2484 1188 2562 Urbi

149 2612 345 2711 Iuppiter3
373 2607 539 2709 Augusti
561 2609 694 2688 laudes
720 2637 929 2711 agnoscere
953 2612 1096 2709 possis:

94 2772 123 2811 so
150 2738 415 2835 compateris
442 2736 593 2836 sapiens
621 2734 923 2838 emendatusque
940 2738 1087 2834 uocari,

146 2862 422 2960 Respondesne
446 2874 525 2957 tuo,
553 2862 614 2939 dic
639 2864 761 2959 sodes,
791 2862 971 2939 nominc?
1020 2862 1170 2962 Nempe

93 3043 149 3097 que
168 3025 298 3083 efficiunt
314 3025 413 3081 rivum.
426 3056 456 3065 -
470 3027 622 3099 Tarentum]
641 3028 670 3083 in
721 3026 773 3085 Off.
780 3026 816 3094 11,
829 3031 871 3082 12.
883 3056 917 3067 -
927 3027 1060 3111 rapiente]
1079 3028 1122 3083 Ex
1139 3032 1239 3083 nature
1249 3026 1297 3085 ab·

93 3096 526 3169 amoenissimercgionesitum
537 3097 669 3157 cicarm.
720 3098 800 3155 latici
818 3098 912 3155 Latini
930 3099 1030 3154 eodem
1048 3116 1297 3170 ruraquamquem

93 3168 131 3233 11,
140 3172 166 3235 6,
178 3173 220 3225 11.
229 3173 358 3239 -capitr'
370 3168 463 3294 mmll
474 3168 527 3225 vid.
537 3168 573 3225 od
579 3170 671 3241 Epist.
721 3188 796 3237 raro,
815 3174 888 3226 atior
907 3170 1009 3225 similia
1019 3188 1081 3225 eum
1095 3170 1144 3225 illo
1157 3187 1223 3227 casu
1232 3188 1297 3224 con-

92 3240 211 3307 1‚15,s.
232 3239 403 3308 Celsus1‚4:
426 3262 438 3289 ι
465 3240 536 3311 apici
545 3241 615 3297 nihil
628 3258 670 3297 ee·
721 3241 882 3307 iunxerunt,
913 3260 968 3312 quo
988 3241 1088 3297 Graeci
1110 3234 1214 3303 ἄλλος
1232 3258 1295 3297 cum

94 3330 150 3383 qua
168 3312 289 3396 prodest
306 3314 391 3381 atque
402 3328 473 3382 equa
485 3311 600 3382 frigide3
620 3312 671 3367 ite·
722 3313 855 3385 genitivo.
875 3312 910 3369 cf.
929 3311 1166 3383 Epist.11,1,240.
1194 3312 1295 3377 Satn,

93 3400 201 3455 queis,
221 3384 267 3439 eui
285 3382 339 3438 hoc
350 3388 482 3452 infirmnm
496 3388 548 3448 est,
563 3402 616 3453 per
628 3402 672 3439 oe-
721 3388 747 3449 3,
762 3387 824 3439 208.
847 3384 925 3441 Brut
947 3403 963 3439 a
983 3383 1023 3440 ud
1041 3382 1199 3441 Ciceronem
1217 3382 1295 3439 Fam.

94 3462 199 3511 sutem
217 3454 248 3509 id
258 3455 330 3509 bens
344 3454 422 3525 largo
438 3452 529 3509 canali
546 3454 671 3525 quotidie
721 3454 768 3521 XI,
779 3458 810 3509 2:
828 3454 900 3511 »Nec
911 3403 1062 3526 quidquem
1075 3454 1152 3511 eliud
1164 3454 1297 3511 hbertete
1318 3486 1326 3497 ·

94 3528 183 3581 debet
198 3527 238 3581 ali
260 3525 371 3580 uamdiu
390 3526 552 3581 subiicere«
594 3526 672 3581 Idem
721 3527 863 3583 communi
900 3528 1047 3582 uaesisscs
1069 3558 1101 3566 -
1114 3540 1237 3599 recteque
1250 3550 1295 3583 oo·

94 3598 129 3659 ts
147 3544 276 3654 canendo
294 3596 671 3681 stomachocelsusprseci·
721 3602 819 3653 testem
853 3544 918 3654 ride
941 3598 978 3653 ud
1001 3598 1094 3669 Epist.
1112 3598 1140 3665 1,
1161 3602 1186 3663 7,
1206 3602 1230 3654 3.
1261 3628 1295 3639 -

94 3670 137 3741 pit
144 3672 172 3735 4,
182 3673 210 3725 5.
227 3700 259 3709 -
282 3666 518 3750 attoariarum]
531 3666 671 3741 Srcrulgo
722 3672 816 3723 «dende
846 3669 996 3739 Aegrotus‚
1014 3688 1050 3725 ne
1059 3671 1138 3727 laute
1150 3688 1237 3727 coena
1248 3690 1293 3727 ce·

94 3745 124 3795 et
140 3744 221 3797 recte
240 3739 382 3795 scribitur.
400 3737 545 3795 Bentlsms
560 3757 595 3795 ex
606 3758 671 3797 con·
720 3743 790 3804 reat,
802 3740 925 3795 occultat
935 3741 1093 3797 febrem·
1105 3750 1192 3798 auctir
1214 3742 1295 3799 ovid.

94 3813 222 3869 iectura:
244 3824 278 3875 et,
299 3814 511 3874 inusitatis,
551 3829 614 3867 uem
630 3829 671 3869 se·
720 3812 797 3867 M.
809 3811 856 3875 ΙΙΙ,
867 3816 934 3867 755:
964 3812 1069 3883 »Carpe
1087 3815 1166 3869 cibos
1184 3742 1294 3885 digitis3

93 3884 154 3939 cuti
177 3887 245 3939 mut
269 3882 371 3951 Haupt.
393 3882 513 3937 Mcinek.
561 3900 668 3955 meger.
719 3887 763 3938 est
783 3882 897 3952 quidam
915 3890 1012 3955 gestus
1030 3884 1144 3940 edendi:
1169 3884 1225 3939 Ora
1243 3902 1296 3941 nec

92 3954 208 4010 Linker.
229 3952 326 4021 Pauly.
361 3952 557 4009 Doederlinius
574 3958 669 4011 tamen
718 3954 863 4010 immunde
885 3958 949 4011 tota
976 3973 1228 4029 perungamur«
1259 3987 1293 3997 -

95 4030 173 4082 reete
192 4024 273 4089 vidit,
291 4026 346 4079 hoc
364 4043 425 4081 esse
434 4024 603 4081 discriminis
616 4027 667 4090 vel,
720 4025 874 4095 stultorum]
902 4026 987 4082 stulti
1005 4034 1071 4083 sunt
1089 4028 1137 4097 qni
1154 4026 1225 4081 falso
1243 4046 1294 4097 pu·

94 4098 118 4151 si
146 4097 244 4166 mavis,
268 4095 442 4167 gradationis
468 4096 542 4151 inter
560 4097 669 4153 dulcem
719 4096 788 4151 dore
807 4097 1293 4167 motiulceracelaremnluntqucm

94 4168 217 4238 aliquam
243 4168 389 4239 regionem
410 4172 439 4222 et
456 4184 609 4236 amoenam,
627 4174 668 4235 ut,
719 4186 826 4224 sanare.
843 4166 951 4225 Deinde
962 4170 1077 4226 additur
1087 4170 1293 4241 argumentatio

95 4240 119 4293 si
138 4258 193 4309 que
209 4238 298 4296 dulcis
312 4238 471 4309 appelletur
489 4239 579 4310 regio,
598 4240 670 4297 indi·
719 4258 735 4295 a
752 4238 855 4295 minori
872 4240 909 4296 nd
926 4241 1065 4298 meina-
1077 4244 1148 4295 tella
1160 4240 1220 4311 titi]
1231 4242 1257 4295 h.
1269 4258 1294 4297 e.

96 4314 175 4365 cetur
192 4312 305 4381 plaeere
323 4326 385 4365 eam
399 4310 527 4379 ‹lomin03
545 4310 569 4365 si
579 4329 669 4367 amoc·
690 4328 696 4345 ¹
719 4315 798 4381 ets;
824 4329 893 4367 cave
914 4317 1009 4368 temen
1038 4312 1154 4383 colliges
1181 4329 1216 4367 ex
1240 4312 1294 4369 hoc

95 4400 138 4447 na,
154 4388 285 4437 naturam
300 4381 391 4452 ipsam
401 4380 530 4447 describi,
550 4382 668 4449 laudari,
717 4385 790 4448 loco,
810 4383 955 4452 Quintium
966 4401 1080 4456 magnas
1091 4400 1136 4438 res
1149 4385 1228 4438 terra
1236 4400 1293 4439 mu·

96 4454 273 4525 omniumque
282 4452 364 4507 laude
376 4453 489 4523 dignum
522 4454 667 4511 medicari.
718 4454 798 4525 rique
816 4454 962 4525 splendide
979 4455 1108 4526 gessisse.
1130 4485 1159 4495 -
1179 4456 1292 4528 camur]

95 4524 224 4580 Rittsrus
241 4540 353 4595 qnoque
372 4541 435 4579 cum
446 4470 548 4581 Oreliio
570 4526 669 4581 invni·
717 4526 753 4583 cs.
763 4526 854 4597 Epist.
865 4526 886 4590 1,
898 4530 939 4593 18,
949 4529 992 4581 70.
1011 4527 1150 4593 11,2,1ot.
1172 4557 1202 4566 -
1225 4530 1291 4582 Tene

95 4601 159 4665 gete
176 4596 371 4668 acquievit—
390 4596 598 4669 Septembribus]
609 4597 667 4655 Sat.
717 4597 816 4669 napis]
847 4596 898 4653 »Hi
914 4615 1011 4653 versus
1033 4600 1110 4668 (Tm
1128 4603 1214 4668 nupia
1232 4640 1238 4652 .
1258 4638 1265 4653 .
1284 4638 1291 4654 .

97 4666 265 4734 11‚c,1s.-
286 4686 345 4722 erre
363 4668 431 4740 quod
449 4666 539 4739 audis]
563 4668 618 4725 Cic.
632 4669 667 4727 de
718 4673 850 4742 luppiter)
874 4672 941 4723 sunt
959 4669 1038 4725 Varii
1063 4670 1093 4726 in
1118 4668 1292 4741 Panegyrico
