3125 5225
494 231 580 299 um.
600 230 659 297 ru.
685 228 824 329 cleu.
845 228 906 309 ru,

302 420 404 497 Nido
429 420 607 496 laborum
631 418 804 516 propulit
824 416 987 493 inscium

254 656 255 661 Ἰ
355 547 553 646 Vernique
578 546 655 621 iam
679 544 819 621 nimbis
840 542 996 620 remotis

399 670 579 747 Insolitos
603 670 771 747 docuere
795 669 899 745 nisus

301 818 418 895 Venti
442 831 665 917 paventem3
691 842 780 894 mox
807 818 848 893 in
873 816 991 893 ovilia

259 942 461 1018 10Demisit
485 942 632 1017 bostem
658 940 810 1017 vividus
834 940 1009 1040 impetus,
1110 1025 1112 1028 ,

347 1066 458 1142 Nunc
482 1066 523 1141 in
548 1065 775 1142 reluctantes
801 1066 985 1143 bacones

397 1190 486 1288 Egit
510 1214 619 1267 amor
646 1189 755 1289 dapis
778 1202 894 1289 atque
921 1215 1095 1289 pugnee3

301 1338 512 1432 Qualemve
536 1339 645 1415 laetis
673 1364 811 1436 caprea
836 1339 986 1435 pascuis
1189 1335 1192 1338 ’

297 1462 451 1539 Intentc
476 1462 607 1539 fulvae
632 1462 763 1538 matris
789 1463 840 1537 ab
865 1463 984 1539 ubere

254 1620 279 1661 u
346 1587 430 1662 Iam
454 1586 551 1663 lecte
578 1586 780 1685 depulsum
806 1587 955 1662 leonem

398 1712 521 1787 Dente
544 1737 646 1789 novo
672 1712 844 1810 periture
868 1712 983 1787 vidit:

298 1858 442 1935 Videre
464 1858 573 1935 Raeti
595 1858 699 1935 belle
723 1860 795 1934 sub
819 1858 984 1957 Alpibus

296 1982 463 2056 Drusum
490 1992 695 2079 gerentem,
722 1980 920 2061 Vindelici
944 2020 992 2033 -
1019 1982 1159 2082 quibus

109 2176 139 2231 sd
154 2177 281 2243 cml,
305 2179 331 2241 1,
349 2176 376 2231 4.
394 2205 429 2217 -
447 2179 567 2231 tarmus
597 2176 672 2243 volu·
722 2180 884 2233 unumne:
903 2179 1293 2251 centumcentumn,

108 2252 146 2302 tus
164 2253 193 2303 ct
207 2248 404 2305 mutuum.
433 2276 468 2289 -·
495 2252 570 2301 κίκι
606 2246 673 2320 quit
722 2254 778 2304 iem
799 2261 883 2315 taeta,
909 2254 1038 2316 laetante,
1063 2270 1117 2305 ross
1140 2262 1213 2320 ante,
1238 2256 1295 2306 tuas

108 2316 151 2373 ulis
168 2320 296 2377 volucres
315 2320 396 2387 qussi
416 2319 553 2374 nituntur.
571 2346 605 2357 -
624 2338 673 2389 po·
722 2334 817 2385 ments,
840 2324 897 2375 icas
915 2342 1001 2387 mane.
1028 2326 1085 2376 iasa
1108 2334 1209 2393 sponte,
1238 2327 1294 2376 icas
1347 2362 1355 2377 s

106 2392 206 2463 amm]
234 2391 280 2447 Ne
306 2390 364 2445 hoc
381 2389 495 2460 quidem
512 2389 595 2444 inens
612 2392 671 2458 est;
724 2396 821 2446 uerte
847 2391 997 2447 Horatium
1012 2392 1139 2457 imitatus
1158 2390 1295 2448 essebu-

107 2476 135 2514 ex
156 2464 285 2518 omuibus
313 2461 390 2515 euim
408 2460 537 2531 pertibus
561 2459 673 2529 aquilus
722 2460 797 2517 dieu.
815 2461 864 2516 111.
889 2480 966 2518 cous.
989 2463 1063 2519 Hor.
1079 2467 1128 2518 77:
1161 2462 1215 2519 »Ut
1240 2464 1293 2530 lec,

106 2529 185 2603 brago
219 2532 344 2589 mirifice
381 2530 501 2603 quadam
536 2532 672 2585 vmietsts
722 2549 805 2602 quem
820 2535 1161 2604 sctsasmatrisspelunca
1178 2535 1295 2604 tegebat

104 2620 251 2676 muroque
287 2605 376 2662 stiam
410 2601 560 2674 splendore
592 2600 673 2672 quasi
723 2607 850 2661 Uberibus
861 2605 975 2662 solitum
984 2606 1072 2676 pasci,
1089 2623 1154 2661 cum
1167 2623 1295 2662 creseere

105 2675 224 2746 pingitur.
267 2677 371 2732 Talem
389 2673 518 2746 profecto
536 2673 672 2730 cretionis
722 2677 811 2731 sensit
829 2676 931 2749 Ungue
950 2677 1036 2748 pedes
1062 2683 1092 2732 et
1115 2683 1197 2761 terga
1217 2677 1295 2734 iubis

104 2751 222 2804 crustum
241 2749 455 2816 verborumque
487 2743 672 2814 ropriststem
722 2753 751 2802 et
768 2747 901 2804 dentibus
917 2749 1046 2817 ora,lem
1062 2754 1150 2818 negat
1165 2749 1295 2804 imbelles

104 2817 213 2898 csimuis
235 2837 296 2875 uon
316 2821 363 2874 est
380 2763 579 2898 vamiflbstoris
593 2815 673 2898 iuve-
722 2819 819 2888 epulas
842 2824 965 2890 strupo
987 2818 1086 2878 relicto
1104 2820 1224 2875 Gaetulo
1248 2837 1293 2875 oo·

105 2904 163 2944 mre.
201 2891 246 2946 Ne
272 2890 306 2945 id
334 2889 446 2958 quidem
461 2887 542 2942 lecrle
559 2885 622 2951 furt,
641 2903 672 2940 ru
720 2906 781 2944 mes
809 2891 852 2945 ire
880 2893 956 2960 petri
987 2891 1161 2959 stabulisque
1191 2890 1295 2946 minori

103 2961 172 3016 unt·
188 2963 349 3018 verborum
368 2960 451 3030 copie
475 2957 672 3028 perspicuitati
722 2960 842 3015 Aestuat
859 2967 889 3016 et
906 2961 974 3018 celsi
992 2963 1060 3018 tsbo
1072 2961 1188 3016 sordere
1199 2962 1294 3016 iuven·

103 3045 200 3100 quoque
211 3031 351 3088 dilucide
370 3029 516 3101 dispositis
527 3027 671 3084 vocabulis
722 3031 773 3086 oi.‹
811 3032 906 3087 Etiam
925 3033 1030 3088 Statius
1051 3032 1153 3088 Achill.
1170 3033 1206 3102 Π,
1225 3034 1292 3088 184:

101 3104 241 3160 contulere.
259 3132 300 3146 -··
316 3101 438 3172 demisit]
457 3117 492 3156 ex
510 3103 611 3154 nature
628 3115 671 3154 m·
724 3103 777 3158 »Ut
803 3103 861 3168 lec,
893 3117 1016 3159 materno
1042 3121 1107 3159 cum
1134 3117 1230 3176 raptus
1259 3107 1294 3158 ab

101 3175 198 3240 padum
226 3175 384 3232 voluerum
413 3189 449 3228 ex
473 3172 531 3226 alto
555 3169 671 3226 nubium
721 3178 801 3228 atero
818 3190 911 3230 mores
925 3175 1045 3245 Accepit
1061 3175 1193 3244 pectique
1212 3175 1294 3230 iubas

101 3247 180 3298 bactu
206 3246 310 3302 subita
332 3243 365 3300 vi
390 3243 421 3298 in
446 3241 580 3313 praedam
610 3257 671 3296 sese
721 3244 916 3315 hominemque
942 3246 1034 3302 vereri
1068 3245 1186 3300 edidicit
1220 3249 1291 3300 cet«

99 3313 290 3373 deiicieutium.
332 3344 367 3356 -
398 3313 575 3380 reluctantes]
598 3311 671 3366 Pliu.
721 3317 908 3385 comparetur
926 3317 1013 3371 etiem
1031 3316 1174 3372 claudian.
1192 3315 1223 3370 in
1237 3312 1294 3370 Eu·

99 3385 170 3442 ltu.
188 3387 267 3454 stt:
291 3387 408 3440 »Draco
422 3383 576 3453 multiplici
596 3399 671 3438 nexu
720 3393 794 3456 trop.
811 3387 834 3452 1,
851 3391 901 3443 45:
923 3387 1059 3458 »Rapitur
1077 3388 1241 3451 embeudus
1260 3389 1293 3442 at

99 3456 146 3512 tln
162 3460 276 3530 aquilae
311 3460 317 3470 '
375 3497 382 3521 ,
409 3455 451 3510 ibo.
475 3473 505 3510 to
523 3453 671 3526 implicant
720 3457 783 3513 iso
812 3461 918 3513 uberes
965 3458 1066 3529 Virgll.
1090 3458 1294 3525 Bucol.7,15.

99 3533 124 3582 ut
143 3531 223 3588 simul
311 3531 318 3541 '
362 3532 399 3582 t«
450 3527 485 3581 cf.
502 3525 580 3596 Virg.
599 3525 669 3580 Asu.
744 3527 856 3583 rudent.
875 3529 1063 3599 peristepbam
1080 3529 1123 3594 X,
1140 3533 1192 3585 662
1214 3548 1228 3585 s
1249 3549 1276 3600 q.

99 3597 136 3663 ll,
152 3605 201 3657 761
223 3619 290 3672 sq.
322 3629 362 3681 '''.
379 3598 476 3724 dapis}
488 3598 566 3652 Fert.
584 3612 612 3665 p.
622 3599 670 3650 ol:
722 3600 891 3682 »dmplexus
910 3619 994 3656 unam
1020 3600 1055 3656 de
1076 3605 1189 3656 ceterra
1204 3547 1284 3658 mian

100 3671 178 3744 »Depo
194 3620 280 3744 apud
294 3674 432 3738 antrquos
468 3659 597 3724 recitetur
623 3684 669 3722 res
720 3675 791 3726 trum
812 3688 929 3740 pervum
955 3693 1004 3726 nse
1028 3676 1092 3727 clim
1111 3676 1182 3726 laets
1202 3677 1282 3741 dspst

98 3742 187 3810 diviua,
213 3761 291 3814 quaa
318 3741 412 3796 fiebat
426 3745 477 3796 sut
492 3739 611 3794 hiberna
628 3754 670 3792 se·
720 3761 778 3796 aaa
796 3743 861 3812 cepi
883 3747 1053 3812 ceptumque
1069 3742 1165 3798 adesse
1185 3744 1293 3812 prasoi-

98 3819 177 3869 ueute
194 3821 246 3870 aut
264 3831 386 3871 vernes
416 3813 443 3865 A
461 3811 553 3878 poetis
569 3809 671 3864 deinde
719 3813 788 3884 pit«
829 3814 980 3869 tantidem
997 3817 1041 3867 est
1059 3813 1135 3883 quod
1152 3817 1237 3868 modo.
1258 3844 1292 3855 -

98 3887 295 3943 dmonbus
327 3881 516 3952 scriptoribus
540 3899 558 3936 s
581 3881 669 3935 sacris
719 3884 823 3955 [alsae]
841 3884 939 3940 leaena
948 3889 1001 3948 est,
1019 3900 1078 3939 nou
1086 3901 1197 3956 caprea,
1209 3903 1293 3954 quam

97 3957 166 4012 rebus
190 3959 230 4014 ad
253 3955 398 4028 proferas
421 3954 509 4008 etiem
532 3953 670 4007 trarmlsta
720 3953 768 4010 elii
803 3971 839 4008 ou
857 3960 934 4011 recte
952 3955 1160 4010 intellexerrmt.
1190 3983 1223 3994 -
1252 3962 1293 4011 ω’-

96 4041 140 4082 sor
155 4034 205 4086 est
223 4059 261 4071 -
279 4035 346 4082 im
365 4023 447 4094 laets]
468 4024 554 4079 Recte
571 4023 611 4078 sio
628 4022 669 4076 in·
719 3973 918 4095 darellteratc
942 4026 996 4080 hoc
1020 4028 1109 4087 verbo
1128 4045 1164 4082 ex
1180 4043 1292 4097 preces·

97 4099 296 4169 terpretmtur:
334 4111 417 4154 »cum
435 4099 525 4150 muter
541 4094 669 4148 iuvenem
720 4096 803 4151 dente
821 4114 905 4152 versu
922 4099 1012 4152 omnis
1038 4099 1121 4152 istius
1146 4115 1291 4168 compere-

97 4168 190 4226 lecusm
207 4174 245 4228 ab
265 4172 367 4226 ubere
382 4166 514 4236 depellat,
541 4171 574 4218 ut
594 4165 669 4220 lecte
719 4167 806 4223 tionis
824 4169 866 4222 vis
883 4168 939 4224 buo
957 4169 1134 4224 transfertur.
1205 4182 1208 4187 ’

98 4255 148 4296 tum
163 4244 328 4314 prohibeat,
350 4236 669 4294 sinevsrborumabun-
754 4238 789 4293 V.
805 4242 846 4293 17.
884 4240 973 4308 Raeti]
996 4239 1042 4295 Sic
1066 4240 1097 4294 iu
1114 4237 1242 4312 plurimis
1262 4241 1293 4294 et

97 4311 178 4369 dantia
194 4317 240 4371 leo
259 4311 324 4370 diei
345 4311 444 4381 potest
463 4311 495 4362 at
513 4312 591 4370 atara
609 4327 669 4362 mo-
718 4310 921 4379 antiquisaimis
944 4311 1088 4366 codicibus
1110 4317 1140 4366 et
1162 4309 1292 4365 editioni·

97 4390 138 4438 νὴ
153 4389 222 4442 laese
242 4389 278 4441 de
321 4387 416 4450 taam
447 4377 574 4434 additum
594 4379 669 4434 euim
718 4381 784 4450 bus;
802 4381 1112 4451 primusBentleiusex
1129 4381 1292 4437 coniectore

276 4405 320 4512 Γ
332 4473 359 4508 π
413 4443 511 4515 utitor
528 4453 577 4504 est.
615 4449 669 4504 bo·
717 4456 822 4516 Rastia,
839 4453 915 4522 quod
932 4469 997 4507 cum
1014 4452 1166 4508 induobus
1184 4452 1292 4507 tribus-

97 4455 312 4586 ffisfffflx
320 4470 502 4582 sodoleum
518 4519 668 4576 infeliciter
716 4539 751 4578 ve
768 4522 859 4578 libris·
870 4523 955 4579 Mutis
970 4524 1114 4579 inventum
1132 4527 1215 4592 emet,
1244 4541 1291 4579 re·
