3125 5225
272 319 281 364 l

289 249 352 316 544
724 239 1051 312 nrlsaotanun

288 469 313 508 n
336 435 417 512 Nee
444 459 532 528 cum
557 432 690 508 venari
716 429 820 507 volet
842 429 921 526 ille,
948 442 1128 529 poemata
1151 455 1307 530 panges.

339 558 472 640 Gratia
493 559 547 634 sic
573 557 733 633 fratrum
762 556 1015 655 geminorum,
1042 554 1273 654 Amphionis
1296 570 1410 657 atque

337 685 459 780 Zethi,
487 682 661 779 dissiluit,
690 682 814 757 donee
840 692 1018 779 suspecta
1038 705 1172 756 severo

338 808 532 889 Conticuit
555 807 650 907 lyra.
702 804 895 882 Fraternis
923 805 1079 882 cessisse
1098 817 1256 904 putatum

222 1015 228 1029 „
335 933 509 1010 Moribus
536 930 752 1030 Amphion:
779 944 822 1005 tu
847 929 942 1007 cede
966 930 1131 1027 potentis
1156 931 1271 1007 amici

286 1091 312 1130 u
337 1058 505 1134 Lenibus
530 1055 712 1154 imperiis,
742 1055 969 1156 quotiesque
995 1053 1134 1130 educet
1156 1054 1197 1130 in
1221 1080 1337 1154 agros

336 1181 484 1258 Aeoliis
510 1195 668 1258 onerata
691 1181 818 1281 plagis
844 1183 1017 1258 iumenta
1043 1205 1245 1281 canesque,

336 1308 459 1404 Surge
485 1318 523 1382 et
547 1306 780 1383 inhumanae
805 1306 954 1383 senium
977 1305 1130 1406 depone
1155 1308 1360 1403 Camenae,

337 1433 484 1511 Coenes
510 1443 553 1506 ut
577 1431 722 1528 pariter
742 1430 942 1529 pulmenta
966 1429 1164 1506 laboribus
1188 1442 1336 1530 empta:

333 1555 514 1633 Romanis
539 1553 725 1630 sollemne
750 1553 843 1629 viris
869 1579 976 1652 opus,
1003 1553 1097 1630 utile
1123 1553 1250 1631 famae

285 1711 311 1752 a
336 1678 527 1778 Vitaeque
552 1691 591 1753 et
615 1679 808 1775 membris,
834 1679 1059 1776 praesertim
1080 1704 1169 1755 eum
1195 1678 1323 1755 valeas
1350 1692 1388 1756 ot

334 1803 406 1880 Vel
431 1827 543 1878 cursu
570 1827 750 1900 superare
777 1827 910 1877 canem
936 1801 999 1878 vel
1023 1804 1171 1879 viribus
1196 1829 1335 1902 aprum

335 1927 475 2004 Possis.
526 1926 651 2024 Adde,
680 1926 806 2002 virilia
832 1926 937 2025 quod
964 1925 1171 2026 speciosius
1197 1954 1305 2004 arma

334 2051 421 2126 Non
449 2065 506 2127 est
532 2053 599 2151 qui
623 2063 778 2127 tractet:
805 2052 878 2126 scis
905 2077 983 2150 quo
1008 2051 1177 2157 clamore
1203 2079 1371 2130 coronae

331 2175 488 2252 Proelia
511 2177 696 2253 sustineas
723 2177 968 2277 campestria3
998 2177 1167 2278 denique
1193 2203 1349 2256 saevam

283 2332 308 2372 u
333 2301 512 2378 Militiam
537 2329 633 2400 puer
660 2317 698 2378 et
724 2303 953 2382 Cantabrica
977 2303 1079 2380 bella
1103 2303 1222 2380 tulisti

308 2405 311 2412 ’
333 2423 413 2501 Sub
439 2425 547 2523 duce,
573 2427 640 2526 qui
666 2426 818 2524 templis
844 2427 1073 2502 Parthorum
1099 2427 1209 2526 signa
1233 2426 1363 2526 refigit

285 2664 452 2735 Anpticais]
481 2664 571 2721 Carm.
589 2664 638 2731 111,
660 2668 702 2731 11,
721 2668 747 2720 ὓ.
789 2662 858 2720 Pro·
909 2663 1032 2734 Sibyllae
1048 2664 1159 2719 Fetasc
1179 2664 1261 2735 Quod
1278 2665 1384 2736 reliqui
1402 2662 1477 2720 eodd

282 2732 422 2859 titt}
443 2738 571 2864 liudi.
596 2736 858 2933 diptttmdt
907 2737 1158 2879 hailaim
1173 2734 1480 2880 dimittit?

282 2874 363 2929 lem«
389 2904 423 2919 «-
484 2891 557 2935 tetur
598 2897 633 2934 ex

283 2950 384 3003 tarum
416 2879 570 3033 Eddkelimi
586 2950 679 3017 nimis,
696 2949 858 3034 uisitator,
907 2950 1130 3033 lougeupetitnm
1146 2966 1180 3004 se
1196 2948 1285 3035 paene
1299 2949 1413 3021 puerile
1437 2952 1479 3011 ait,

281 3022 858 3163 atagrqeratuttttt
907 3021 1392 3163 ttttttttnttat
1409 3038 1480 3161 tt

281 3160 355 3215 enim
374 3178 415 3226 es,
441 3181 560 3232 quornm
576 3168 683 3220 certam
699 3164 858 3235 pemumio·
907 3170 1051 3233 repertum
1067 3167 1111 3217 est
1127 3163 1158 3217 in
1174 3164 1236 3219 cod.
1247 3163 1369 3233 Saugalt
1389 3166 1479 3219 Aeaeo·

281 3247 346 3285 nem
371 3233 476 3289 nullam
499 3236 659 3291 habemus«
678 3264 713 3277 —-
733 3252 767 3290 ex
790 3252 857 3290 eon·
907 3238 963 3289 tiis.
985 3264 1015 3277 -·
1038 3236 1199 3289 tatanem
1225 3235 1374 3304 omme]
1408 3250 1480 3289 sese·

280 3303 389 3358 iectura
406 3311 545 3375 protatur,
574 3306 609 3363 dc
654 3307 743 3371 lausa,
773 3322 856 3377 quem
906 3322 955 3361 rae
972 3322 1005 3360 ac
1021 3321 1158 3366 morosae,
1175 3304 1305 3376 qnoniam
1316 3306 1382 3361 odit
1400 3322 1478 3360 vena·

281 3377 391 3429 veteres
416 3375 446 3431 iu
469 3376 589 3433 theatris
616 3327 700 3434 edere
718 3377 856 3446 solebant
905 3377 998 3431 tiones
1025 3392 1059 3431 ae
1084 3376 1190 3432 similes
1216 3376 1428 3433 delectationes.
1447 3404 1479 3417 -

669 2878 761 2935 abulia
791 2894 858 3002 poe-
907 2878 1013 2948 lydonii
1038 2879 1124 2933 caede
1149 2879 1269 2949 inclyto;
1296 2878 1479 2949 quodquam

281 3442 391 3514 siquid
419 3447 562 3505 honestius
587 3451 615 3503 in
641 3466 724 3507 scena
747 3451 792 3505 vet
815 3447 856 3504 fa·
907 3452 1035 3503 Romania
1053 3448 1229 3573 cottanaeqh
1244 3448 1406 3519 paaeeeptis
1423 3447 1479 3501 ido·

280 3520 357 3569 ctum
375 3518 505 3575 viderent
523 3522 568 3575 vel
585 3520 692 3577 dietum
716 3521 856 3577 audirent.
905 3536 958 3573 neo
974 3520 1038 3574 loeo
1057 3518 1161 3573 leniter
1199 3520 1323 3575 elabitur
1340 3524 1428 3590 poeta
1444 3517 1479 3572 ad

280 3584 387 3641 Sedet.
406 3586 463 3645 Sat.
481 3590 516 3655 Π,
536 3594 561 3655 8,
582 3596 641 3649 161.
674 3592 767 3663 Epist.
785 3591 807 3658 Ι,
826 3595 854 3657 7,
905 3589 1479 3661 laudemiuveniaamici,eorperiavigore

281 3658 324 3713 69.
342 3660 368 3724 9,
388 3660 414 3713 8.
452 3659 651 3727 11,1‚tt.-
674 3664 789 3734 Aeoliis]
808 3662 855 3719 Sia
905 3678 939 3716 ae
960 3661 1062 3717 robore
1092 3661 1270 3731 omniumque
1292 3660 1397 3731 quibas
1420 3669 1478 3715 um

280 3728 459 3785 scribendum
487 3738 532 3787 est
559 3749 623 3789 cum
649 3734 791 3791 Meinekio
819 3750 854 3789 ex
904 3732 1018 3789 invenes
1044 3733 1247 3787 exercebantur
1271 3731 1412 3787 nobilium
1438 3732 1480 3785 lu·

279 3798 342 3855 eod.
369 3806 531 3870 pervetusto
559 3804 712 3875 Franequ.;
748 3805 855 3861 intelli·
904 3802 1004 3859 dorum
1022 3802 1223 3859 exercitatione
1245 3804 1322 3859 inter
1348 3803 1479 3873 aequales

279 3876 386 3998 quattu
410 3892 429 3943 p
530 3874 676 3942 Cumanae,
704 3894 772 3946 quaa
796 3878 854 3932 lan·
903 3875 1030 3947 insignia.
1048 3874 1173 3929 Tandem
1186 3876 1259 3933 nib
1277 3874 1315 3930 ad
1333 3890 1479 3946 agumen-

299 3946 329 3998 et
367 3942 439 3999 Plin.
486 3945 544 4001 .N.
563 3946 637 4014 XIX,
656 3951 685 4002 1:
716 3946 854 4004 »Estsua
903 3948 1181 4017 tumetpraeeepta
1200 3946 1366 4002 revertitur.
1386 3966 1480 3999 -e0-

280 4014 373 4086 gloria
389 4018 419 4071 et
435 4014 558 4072 Cumano
584 4018 664 4089 (lino)
690 4018 720 4074 in
738 4020 852 4090 (lampa-
903 4018 998 4089 rme]
1017 4020 1051 4074 Α,
1069 4016 1101 4074 Ρ.
1120 4019 1182 4072 tel.
1201 4044 1236 4059 ·-
1254 4017 1434 4089 campestria]
1450 4016 1478 4069 in

278 4086 326 4140 nia
342 4086 377 4141 ad
398 4085 516 4157 piscium
536 4092 565 4144 et
583 4090 681 4145 alitum
698 4094 852 4161 capturam.
904 4088 1009 4159 Campo
1027 4089 1140 4143 Martio.
1157 4088 1192 4143 A.
1203 4087 1234 4145 P.
1247 4090 1311 4143 ete.
1329 4114 1366 4128 ··-
1381 4092 1480 4144 canta·

277 4155 384 4213 Eadem
410 4160 439 4215 et
465 4160 556 4231 plagis
584 4162 711 4217 materia.
755 4162 853 4236 Neque
901 4159 1068 4229 trientina]
1085 4159 1152 4230 {pase
1161 4158 1342 4231 argema
1356 4160 1478 4215 unm

278 4230 353 4284 enim
388 4229 510 4285 minores
547 4232 656 4289 cunctis
684 4233 853 4291 animalibus
903 4231 1055 4287 munitum
1083 4231 1114 4285 in
1132 4230 1288 4286 Cantabros
1313 4234 1345 4285 et
1359 4230 1479 4285 Astures

278 4300 392 4355 insidias
419 4318 503 4371 quam
529 4302 672 4359 nobismet
699 4306 766 4375 ipsis
793 4304 852 4359 line
903 4303 1030 4357 duxerat.
1051 4330 1088 4343 -—
1106 4301 1206 4373 reflpit]
1225 4301 1316 4355 (larun
1334 4301 1357 4365 l,
1376 4304 1422 4366 28,
1439 4304 1478 4356 li.

277 4371 426 4426 tendimus.
446 4371 501 4429 Sed
511 4374 650 4429 crumenae
667 4374 768 4446 plagae
786 4392 852 4431 eon·
901 4374 989 4446 Signa
998 4374 1123 4429 Romana
1133 4372 1233 4428 Crasso
1247 4372 1393 4427 aParthta
1412 4373 1478 4427 olim

277 4440 375 4497 eidem
400 4459 482 4513 apros
508 4448 538 4499 et
561 4444 613 4500 hae
639 4462 764 4502 cassesve
781 4447 852 4502 terri
903 4450 1001 4517 erepta
1017 4445 1147 4516 Auguste
1174 4460 1191 4498 a
1214 4442 1335 4499 Phraate
1366 4442 1478 4498 reddita

172 4530 179 4545 ¹
277 4512 365 4568 eciem
394 4516 535 4571 vineunt«
583 4516 661 4572 Grat.
687 4517 790 4589 Cyneg.
815 4522 851 4575 ee
902 4514 969 4573 sunt
994 4534 1020 4573 a
1040 4518 1102 4571 tea.
1147 4515 1183 4570 et
1214 4513 1301 4569 Oarm.
1320 4514 1371 4584 IV,
1392 4519 1435 4581 15,
1453 4516 1477 4568 6.

277 4581 313 4640 de
336 4583 406 4640 lino:
447 4586 552 4643 ›bonus
577 4588 693 4645 Aeoliae
717 4587 753 4646 de
778 4590 851 4647 valle
904 4620 935 4631 —
959 4595 985 4644 ei
1003 4590 1068 4663 qaid
1084 4584 1170 4657 abeat}
1199 4585 1264 4641 Non
1279 4584 1369 4641 oredo
1393 4588 1479 4641 inur-
