3125 5225
853 250 875 313 2

265 466 283 509 e
306 436 550 507 centurionibus
573 436 655 502 orti“
677 404 822 518 ddibant,
844 436 970 522 sprevit
991 444 1024 501 et
1039 435 1173 502 vendito
1196 435 1305 521 agello
1317 434 1465 502 Romam

265 548 462 635 demigravit
473 548 511 627 θ).
554 545 604 611 Ibi
624 546 728 611 filium
752 566 791 609 es
811 544 941 609 ratione
964 543 1202 610 instituendum
1224 545 1360 626 curavit,
1393 566 1468 629 qua

264 656 368 725 nobili
389 655 462 720 loco
484 655 551 720 neti
573 655 666 743 pueri
690 652 815 717 institui
836 652 1001 733 solebant;
1023 675 1098 717 nam
1120 662 1154 719 et
1174 674 1346 719 servorum
1363 652 1467 718 vesti·

265 776 515 848 mentorumquo
538 770 694 851 apparat-u
716 762 761 826 ita
784 783 858 826 eum
879 760 1043 843 instruxit,
1071 771 1108 825 ut
1127 762 1182 846 qui
1204 752 1358 825 viderent
1378 781 1468 846 pue-

263 896 336 938 rum
370 870 543 959 locupletis
576 870 716 935 hominis
746 870 851 933 filium
882 868 1040 935 deberent
1070 870 1204 953 habere,
1238 880 1271 933 et
1302 869 1384 956 ipse,
1417 889 1468 931 ne

263 979 385 1045 rustica
406 1000 533 1043 morum
556 976 729 1061 integritas
750 974 976 1061 candidusque
994 976 1093 1039 animi
1107 977 1235 1042 habitus
1248 978 1467 1064 urbanapra·

261 1088 361 1151 vitate
396 1086 611 1173 pessimisque
649 1084 809 1171 exemplis
839 1084 960 1169 ubique
991 1085 1096 1149 obviis
1127 1086 1247 1149 sensim
1268 1106 1467 1173 corrumpe-

260 1204 360 1275 retur,
385 1202 511 1277 „custos
532 1192 834 1278 incorruptissimus
855 1213 969 1257 omnes
991 1193 1114 1257 circum
1139 1191 1292 1259 doctores
1313 1191 1466 1258 aderat“.

261 1303 377 1387 Itaque
412 1325 484 1367 cum
519 1324 602 1389 puer
636 1301 925 1386 grammaticorum
958 1303 1087 1368 scholas
1103 1308 1129 1384 ἵ)
1169 1306 1396 1388 frequentaret
1429 1313 1468 1367 at

259 1410 431 1494 utriusque
452 1411 585 1494 linguae
609 1411 787 1499 scriptores
810 1401 850 1475 et
865 1419 988 1498 poetas,
1024 1434 1066 1477 ex
1090 1411 1207 1496 quibus
1228 1411 1395 1477 Homerus
1428 1420 1467 1477 et

260 1517 374 1583 Livius
402 1518 614 1595 Andronicus
643 1518 850 1584 nominantur
882 1517 1001 1606 (Epist.
1022 1517 1069 1599 ΙΙ,
1096 1519 1123 1599 1,
1144 1520 1195 1583 69.
1216 1518 1246 1599 2,
1266 1518 1335 1603 41),
1367 1520 1463 1605 lege·

260 1636 321 1708 ret,
350 1636 444 1714 pater
474 1628 544 1715 ipse
576 1650 702 1693 morum
734 1636 804 1691 erst
825 1626 982 1711 magister
1003 1636 1038 1690 et
1058 1624 1329 1711 diligentissimus
1353 1638 1385 1692 et
1410 1652 1463 1692 sa·

259 1740 489 1829 pientissimus.
513 1736 680 1821 =Egregia
702 1735 790 1801 enim
811 1756 919 1819 neque
941 1734 1018 1799 satis
1043 1734 1208 1799 laudanda
1226 1735 1373 1800 libertini
1399 1736 1463 1801 ho·

260 1848 355 1915 minis
378 1848 439 1914 fuit
457 1848 492 1913 in
514 1844 582 1910 lilio
606 1842 775 1909 educando
797 1842 967 1930 sapientia,
998 1852 1036 1907 ut
1066 1841 1183 1907 rudem
1214 1865 1290 1909 eum
1309 1843 1463 1910 humani-

259 1958 400 2049 tatisque
420 1964 589 2043 expertem
612 1954 712 2019 fuisse
735 1953 792 2016 vix
814 1951 870 2018 tibi
893 1952 1085 2038 persuaderi
1108 1952 1249 2040 patiaris.
1276 1950 1462 2033 Qui-omne

259 2087 354 2130 suum
377 2063 479 2130 otium
499 2084 695 2147 omnemque
716 2082 787 2126 rem
809 2061 843 2125 in
866 2058 1047 2127 erudiendo
1075 2058 1156 2127 filio·
1174 2060 1371 2143 collocaret,
1402 2060 1466 2147 qui

259 2173 401 2261 optimus
436 2169 649 2258 paedagogus
682 2171 805 2255 ubique
836 2166 907 2255 ipse
937 2166 1088 2249 adesset,
1131 2168 1185 2255 qui
1219 2168 1298 2254 quid
1335 2169 1463 2234 malum

260 2280 340 2367 quid
362 2282 483 2345 bonum
508 2278 586 2367 quid
610 2276 788 2366 petendum
810 2276 888 2362 quid
910 2275 1104 2360 fugiendum
1134 2276 1361 2364 exemplorum
1391 2299 1464 2341 ma-

259 2388 311 2477 gis
323 2389 350 2473 ⁸)
384 2388 577 2453 auctoritate
599 2410 695 2473 quam
715 2386 882 2453 doctrinae
905 2385 1085 2470 fragilitate
1108 2383 1272 2467 suaderet,
1308 2384 1364 2470 qui
1387 2386 1464 2451 veri

258 2496 336 2563 boni
358 2496 462 2585 pulcri
485 2496 667 2561 naturalem
690 2516 821 2560 sensum
842 2495 876 2559 in
900 2493 970 2559 dies
991 2494 1097 2559 aleret
1126 2493 1160 2556 in
1193 2494 1462 2579 perpetuumque

260 2605 418 2688 firmaret,
453 2627 530 2671 num
559 2613 667 2692 potest
696 2602 834 2688 eogitari
869 2626 943 2669 eum
976 2604 1016 2668 ab
1050 2600 1307 2689 elegantioribus
1338 2598 1463 2666 litteris

257 2713 401 2780 alienum
424 2735 559 2800 prorsus
583 2713 709 2780 fuisse?
745 2714 855 2798 Atque
880 2711 1007 2776 etiamsi
1029 2721 1124 2799 pater
1152 2709 1306 2777 Graecus
1329 2704 1465 2774 natione

258 2821 412 2887 nonfuit
440 2858 482 2869 —
510 2819 542 2884 id
567 2820 655 2906 quod
677 2819 773 2885 facile
796 2819 1010 2908 suspicaberis
1038 2855 1081 2866 -
1115 2840 1207 2907 puer·
1222 2816 1463 2883 tamenHora·

258 2930 323 2995 tius
344 2930 379 2994 in
396 2939 535 3018 paterna
561 2929 656 2994 domo
686 2939 824 3016 utreque
855 2927 1011 3014 lingua⁹l
1041 2949 1119 2993 usus
1149 2947 1221 2992 esse
1253 2935 1286 2991 et
1321 2948 1339 2989 a
1368 2934 1465 3012 patre

257 3038 364 3128 prima
396 3035 532 3124 legendi
561 3035 791 3121 scribendique
824 3036 987 3102 elementa
1020 3035 1137 3101 doctus
1180 3035 1252 3099 iure
1285 3035 1464 3101 videbitur.

259 3148 395 3214 Praeter
422 3145 664 3234 grammaticam
697 3145 769 3212 aliis
795 3168 925 3231 quoque
955 3147 1091 3230 artibus,
1132 3143 1250 3230 quibus
1272 3143 1409 3229 ingenui
1423 3144 1465 3223 ¹⁰)

260 3255 486 3321 adolescentes
507 3255 747 3338 imbuebantur,
773 3234 931 3320 historias
951 3253 1175 3342 philosophiae
1194 3253 1256 3318 arti
1283 3252 1464 3334 oratoriae,

261 3385 456 3448 quamquam
486 3363 606 3428 diserte
637 3383 693 3427 eae
723 3383 788 3426 non
818 3359 1036 3444 nominantur,
1070 3360 1156 3426 haud
1194 3360 1292 3425 dubie
1327 3381 1462 3446 operam

293 3497 322 3565 6)
344 3495 400 3550 Sat.
420 3495 441 3564 1,
460 3499 485 3564 6,
505 3499 539 3550 72
558 3512 617 3578 sqq.
662 3495 777 3578 Triplex
801 3495 830 3548 in
880 3495 1126 3566 (Epistmauen
1145 3494 1195 3549 sed
1213 3511 1308 3549 errare
1321 3492 1343 3547 ii
1364 3493 1463 3548 siden·

258 3567 310 3622 hac
327 3583 359 3621 re
370 3571 447 3620 mota
468 3570 511 3620 est
528 3565 626 3621 amris
645 3565 734 3620 doetus
749 3583 831 3634 quae·
860 3571 935 3621 tur.
954 3566 1026 3621 Tum
1045 3564 1081 3620 de
1092 3567 1145 3620 boc
1160 3582 1280 3635 quoque,
1293 3570 1391 3618 utrum
1411 3582 1462 3634 pa·

258 3639 321 3693 stio.
351 3639 392 3692 Ac
405 3637 526 3707 primum
545 3637 658 3706 quidem
676 3637 830 3706 quaeritur,
880 3640 925 3691 ter
943 3636 1054 3692 Horatii
1073 3637 1212 3692 coactoris
1231 3651 1349 3690 munere
1363 3635 1461 3689 Venu-

258 3726 313 3779 quo
333 3725 405 3762 anno
416 3707 550 3763 Horatius
564 3725 635 3778 puer
645 3707 762 3762 Romam
781 3708 832 3762 du·
881 3708 938 3762 siae
966 3709 1064 3772 solum,
1090 3725 1126 3762 an
1154 3708 1260 3761 Romae
1287 3707 1385 3774 solum,
1421 3724 1459 3760 an

259 3785 322 3836 ctus
344 3779 474 3834 videatur
490 3783 613 3862 epatre:
633 3779 708 3850 quod
718 3779 831 3848 quidem
880 3778 1020 3835 Venusiae
1037 3784 1066 3834 et
1073 3779 1178 3834 Romae
1195 3779 1310 3834 functus
1329 3777 1374 3841 sit,
1395 3795 1458 3832 oer-

276 3847 831 3920 namquamcertimtamdnbiisindiciis
880 3852 973 3917 tatur;
1001 3848 1201 3915 tertiumveri
1220 3849 1331 3904 videtur
1349 3847 1457 3902 similli-

256 3869 722 3993 deist.11.1,70.11‚s‚41)nihil
756 3923 831 3975 otest
883 3939 967 3977 mum.
1120 3927 1126 3936 ⁴

321 3992 554 4064 mari,probabile
569 3997 664 4048 tamen
674 3995 715 4047 est
726 3939 832 4047 dictum
920 3997 936 4046 7
964 3990 1009 4045 Ex
1027 3991 1218 4062 grammaticis
1231 4008 1318 4044 unum
1330 3991 1458 4046 nominat

256 4081 317 4120 esse
330 4082 354 4119 a.
362 4067 415 4120 700
429 4065 473 4118 vel
488 4067 622 4129 701‚cnm
634 4063 831 4120 duodecimum
883 4065 1017 4122 Orbilium
1049 4065 1187 4132 Pusillam
1217 4062 1456 4130 Beneuentanum,

256 4137 357 4192 aetatis
375 4153 479 4190 annum
497 4135 556 4205 ipse
575 4141 679 4206 ageret.
720 4133 828 4190 Deinde
881 4133 972 4204 Epist.
983 4133 1018 4198 11,
1038 4136 1063 4201 l,
1082 4135 1124 4188 71.

257 4209 322 4262 sunt
342 4207 397 4291 qni·
408 4207 529 4278 agellum
546 4207 691 4290 venditum
706 4223 732 4288 ¹a
751 4214 830 4276 patre
917 4208 946 4276 8)
965 4204 1021 4260 Sat.
1039 4204 1061 4269 Ι,
1080 4207 1105 4269 6,
1120 4207 1161 4287 ,80
1176 4220 1251 4288 sqq..
1376 4275 1381 4286 Ι

256 4277 831 4420 dddlrlddsdlitpdtlodilldldffdrdlldldddplddl
881 4274 1456 4403 Luffiffiffisfflgssalnusffidldndl

258 4419 412 4476 affirment·
438 4420 508 4476 dicit
524 4419 599 4475 enim
618 4421 679 4491 ipse
697 4423 763 4491 post
779 4437 830 4490 pu·
881 4419 936 4473 sini
954 4419 978 4473 si
994 4418 1066 4472 bilin
1105 4435 1136 4472 es
1157 4415 1454 4486 (Sat.1,10‚ae),cur

227 4563 230 4568 Ι
257 4463 557 4563 gnamPhilippeasem
576 4509 605 4547 se
615 4507 705 4561 neque
717 4490 830 4546 domum
879 4507 937 4546 non
954 4490 1041 4545 etism
1057 4435 1215 4544 lldnusini'?

257 4579 346 4632 nsque
380 4563 496 4618 fundum
530 4563 560 4618 in
592 4563 673 4617 ltalia
701 4562 829 4617 habuisse
918 4561 961 4631 10)
978 4559 1034 4617 Sat.
1054 4560 1075 4630 1,
1097 4561 1123 4627 6,
1141 4561 1184 4614 77.
