3125 5225
761 235 1011 308 caedmon

540 430 619 508 Cur
643 427 745 506 valle
770 441 986 527 permutem
1013 425 1155 506 Sabina

589 551 752 628 Divitias
778 551 1040 650 operosiores?

747 951 938 1039 Ossunn
969 952 1022 1036 ll.

489 1118 706 1217 Angustam
734 1117 858 1191 amice
883 1112 1107 1216 pauperiem
1133 1110 1214 1210 pati

486 1246 676 1324 Robustiis
704 1243 785 1319 aori
809 1240 949 1316 militia
970 1263 1068 1338 puer

535 1369 743 1448 Condisoat
768 1379 807 1443 et
832 1364 995 1442 Parthos
1022 1365 1169 1440 feroces

585 1497 712 1572 Vexet
736 1517 853 1594 eques
879 1489 1107 1566 metuendus
1133 1487 1241 1562 haste

463 1645 703 1743 sVitamque
728 1642 800 1717 sub
826 1640 916 1716 divo
943 1652 981 1714 et
1005 1637 1165 1736 trepidis
1201 1651 1291 1736 agat

288 1874 347 1935 tes,
379 1868 427 1938 qui
447 1865 485 1922 ad
505 1863 682 1920 sdatandum
709 1864 862 1932 patronum
912 1863 967 1928 est)
987 1861 1107 1930 angusta
1125 1861 1244 1914 estnon
1270 1857 1336 1928 quis
1359 1857 1487 1915 molestia

289 1940 481 1997 convenirent.
508 1936 600 2007 Epist.
609 1935 632 2000 1,
646 1936 673 1998 t,
685 1935 728 1988 31.
747 1963 781 1974 ·-
799 1953 862 2006 per·
911 1931 1025 2015 premit,
1050 1929 1099 1985 sed
1117 1927 1183 2000 quia
1200 1947 1237 1984 ne
1254 1929 1382 2014 homines
1400 1929 1430 2014 in
1449 1930 1488 2012 lu·

289 2011 400 2083 m]
418 2009 536 2175 ”³2⁸⁶
557 2005 690 2171 “mill
714 2007 755 2075 ¹⁷²
773 2008 798 2059 ²·
912 2019 1022 2128 titt
1039 2000 1369 2143 titltttttltt
1396 2000 1489 2128 itt:

497 2135 613 2176 ⁸¹⁸¹¹¹⁸¹¹
661 2159 668 2171 ·
911 2145 979 2210 lum,
1008 2161 1063 2214 quo
1091 2159 1154 2198 oum
1180 2143 1355 2200 continentia
1372 2159 1491 2214 pauper-

326 2216 406 2286 Quod
423 2216 460 2271 ad
477 2215 602 2286 superius
619 2228 733 2268 carmen
747 2210 863 2265 adnoto·
910 2221 955 2271 tas
984 2215 1174 2285 coniungitur.
1218 2213 1332 2270 Etenim
1359 2216 1410 2285 qni
1436 2215 1491 2269 ani·

291 2293 353 2344 tum
379 2293 430 2354 est,
458 2291 519 2342 arto
545 2285 666 2356 quodam
684 2283 795 2337 vinculo
813 2299 863 2335 sex
911 2305 986 2342 mum
1015 2303 1096 2340 suum
1116 2285 1177 2356 ipse
1200 2289 1349 2356 temperat,
1375 2287 1401 2341 is
1423 2304 1490 2356 pau·

293 2359 416 2415 carmina
442 2357 591 2413 coniuncta
618 2354 718 2420 teneri,
740 2354 771 2408 id
798 2352 862 2436 inde
912 2375 966 2428 per
986 2361 1044 2424 θεὴ
1069 2360 1098 2412 et
1123 2357 1172 2427 qui
1189 2373 1296 2428 pauper
1316 2361 1370 2426 est,
1390 2357 1415 2411 is
1435 2375 1491 2412 non

290 2448 400 2501 quoque
415 2431 620 2484 incrementum
635 2425 765 2480 veritatis
775 2429 862 2494 capit,
911 2433 1012 2501 potest
1029 2429 1121 2484 faeere
1139 2427 1206 2498 quin
1219 2427 1392 2499 cupiditates
1407 2427 1492 2483 animi

290 2501 366 2572 quod
389 2500 443 2556 hoo
467 2499 589 2554 alterum
608 2497 724 2569 proprio
741 2495 862 2566 quodam
915 2499 1065 2570 reprimat,
1106 2499 1232 2570 angustis
1269 2497 1374 2554 finibus
1415 2503 1493 2554 coir·

289 2573 369 2628 aditu
386 2587 470 2627 nona
490 2572 587 2636 eritur,
607 2568 657 2624 sed
674 2567 794 2639 aprime
807 2572 862 2621 sta·
913 2575 988 2628 cest.
1012 2571 1047 2627 cf.
1067 2569 1156 2626 Germ.
1176 2569 1225 2637 ΙΠ,
1246 2571 1288 2635 16,
1306 2572 1349 2627 39,
1370 2599 1406 2613 -
1427 2575 1493 2627 ans·-

288 2646 342 2700 tim
360 2660 443 2698 uersu
465 2642 602 2725 'octrinas
620 2640 655 2695 de
671 2638 863 2763 recuperanEda
912 2644 954 2716 ee]
981 2642 1110 2710 libenter,
1137 2660 1194 2727 non
1220 2658 1314 2725 aegre.
1358 2642 1436 2698 Male
1460 2660 1494 2697 ex

289 2712 863 2868 tlttt‘tttt'tlttttlttiut
911 2712 985 2840 tlt
988 2728 1105 2853 idi?
1105 2712 1432 2855 diffinitis?
1434 2731 1495 2841 {331

288 2860 353 2913 sunt
370 2856 406 2938 de
421 2859 506 2910 animi
517 2857 690 2939 continentis
702 2852 779 2936 facili
798 2870 861 2921 pro·
911 2856 1033 2940 minibus
1051 2854 1212 2940 alienissimi
1231 2860 1305 2911 sunt.
1348 2854 1493 2912 Adhorta-

288 2945 448 3071 sitit.
463 2925 862 3078 titlttidttttttltt
906 2928 1495 3055 ttltlti‘itttttttttltt‘.i

289 3088 349 3126 esse
367 3070 503 3123 honorem
528 3086 583 3138 quo
608 3067 645 3122 sit
668 3066 762 3136 digna,
788 3082 861 3121 nunc
911 3070 998 3125 etiam
1014 3087 1067 3141 pro
1083 3069 1172 3125 amico
1189 3068 1319 3125 habeant.
1347 3100 1382 3110 -
1412 3076 1497 3126 roto-

289 3141 480 3223 praecipitum·
505 3156 538 3195 ea
565 3140 640 3195 enim
665 3138 746 3221 quasi
773 3137 860 3221 quod·
911 3144 981 3209 sias]
1011 3157 1063 3211 pro
1094 3138 1245 3211 participio
1269 3140 1322 3199 hoc
1350 3142 1497 3211 positum:

288 3214 354 3268 dam
376 3211 531 3266 remedium
554 3216 598 3265 est
624 3210 751 3264 luxuriae
779 3212 861 3263 resti·
910 3212 1045 3267 robustus
1062 3212 1165 3267 factus:
1185 3210 1307 3281 quodne
1318 3212 1421 3268 durius
1433 3230 1495 3267 esse

288 3285 399 3352 tuitque
425 3284 547 3337 virtutes
578 3298 647 3351 quae
676 3279 860 3361 immoderato
910 3286 1007 3353 putes,
1049 3299 1181 3355 compara
1203 3282 1255 3338 hos
1283 3283 1389 3339 similes
1419 3285 1498 3339 locos

289 3356 357 3409 luxu
365 3353 493 3423 perditae
507 3356 580 3436 sunt,
599 3351 860 3435 Paupertatisemm
909 3354 1000 3437 Epod.
1023 3356 1046 3420 1,
1066 3356 1109 3410 35.
1145 3356 1187 3420 16,
1207 3355 1251 3407 34.
1298 3354 1358 3410 Liv.
1377 3354 1414 3423 V,
1435 3358 1499 3421 2,9

290 3429 443 3497 perpetuae
466 3429 582 3479 comites
608 3428 673 3477 sunt
694 3424 861 3494 principales
909 3425 960 3479 ubi
984 3424 1021 3480 ad
1047 3426 1133 3481 verba
1159 3428 1283 3480 consules
1310 3428 1499 3481 dictatoresve

287 3496 444 3622 priscorum
473 3494 663 3550 Romanorum
697 3493 860 3549 facultates:
910 3494 1008 3551 eadem
1039 3496 1207 3552 necessitate
1236 3499 1306 3565 facts·
1330 3495 1500 3568 intelligen-

300 3567 442 3632 ortitudo,
475 3583 546 3636 quae
576 3566 667 3622 civem
696 3563 860 3620 horribilem
913 3568 979 3623 dum
999 3571 1050 3623 est.
1083 3600 1113 3609 —
1136 3566 1261 3637 Parthos]
1281 3566 1404 3622 invictos
1424 3570 1501 3623 adeo

288 3638 384 3695 reddit
402 3637 530 3693 hostibus
548 3638 695 3707 animoque
718 3641 804 3707 suget
825 3636 862 3690 ad
914 3643 944 3694 et
959 3638 1155 3693 infestissimos
1172 3637 1279 3693 nomini
1296 3636 1440 3696 Romano.
1465 3668 1500 3679 -

288 3714 409 3765 mortem
425 3726 499 3791 'pro‘
513 3710 606 3779 patria
634 3708 792 3763 obeundam
816 3724 864 3777 pa·
914 3710 1058 3781 etiamque]
1090 3708 1233 3765 Particula
1266 3728 1316 3779 qus
1344 3726 1414 3765 oum
1454 3728 1503 3765 eas

290 3786 368 3838 rato:
407 3780 510 3861 cirihs·
526 3780 632 3847 virtus,
661 3796 731 3849 quae
757 3796 865 3833 summa
914 3784 1008 3851 partes
1038 3781 1190 3851 coniungat
1217 3796 1288 3849 quae
1316 3786 1426 3837 natura
1450 3800 1503 3835 sua

220 3910 227 3923 ,
289 3868 415 3924 quaeque
433 3851 526 3923 gigmt
546 3852 677 3919 virosque
690 3851 864 3905 aeternoho·
913 3853 1004 3923 magis
1023 3870 1105 3921 quam
1128 3870 1194 3907 casu
1216 3850 1396 3923 copulantur,
1430 3852 1460 3906 h.
1483 3854 1502 3907 l.

288 3940 360 3979 nore
377 3939 539 3991 summaque
563 3920 744 3984 veneratione
764 3921 865 3993 dignos
914 3940 961 3978 eas
986 3928 1080 3993 partes
1107 3922 1238 3978 militaris
1257 3922 1332 3977 ritae
1349 3922 1500 3995 adiungit,

289 3994 391 4064 efficit3
409 3992 488 4060 fides,
506 4010 560 4062 qus
578 3994 669 4048 maior
686 4011 743 4047 non
761 3998 805 4048 est
817 4010 865 4047 au·
915 3994 1015 4065 quibus
1044 3993 1156 4049 invenes
1183 3992 1340 4049 desiderata
1371 4012 1503 4065 pauper-

287 4066 417 4122 xiliatrix
436 4063 473 4119 ad
491 4064 691 4120 continendam
711 4068 741 4119 et
759 4068 865 4119 susten-

291 4139 406 4193 tandam
437 4135 511 4191 inter
537 4136 663 4191 homines
693 4136 865 4191 societatem.

290 4209 341 4266 Cui
358 4207 535 4280 potissimum
562 4206 631 4263 haec
657 4207 792 4263 cecinerit
810 4207 866 4261 Ho-

288 4281 386 4346 ratius,
405 4278 435 4333 id
453 4278 507 4335 hoo
527 4295 639 4349 quoque
650 4279 782 4347 carmine,
803 4296 828 4334 v.
839 4282 865 4335 l.

293 4356 335 4419 15,
354 4354 451 4422 aperte
468 4348 610 4420 proditur.

323 4422 357 4478 V.
367 4427 391 4477 1.
426 4433 571 4504 asportata
596 4423 766 4494 pauperiem]
795 4420 866 4475 Pau-

286 4498 383 4565 pertas
406 4492 466 4561 (otu
495 4490 586 4547 alters
612 4492 702 4547 forma
720 4498 865 4563 pauperies

288 4564 414 4621 versibus
434 4562 523 4635 inagis
542 4561 691 4619 commoda
711 4562 865 4619 substituta

915 4068 975 4121 tate
995 4067 1114 4120 maxime
1134 4070 1305 4121 assuescunt.
1336 4064 1400 4121 Hae
1423 4067 1506 4121 enim

915 4136 1059 4191 molestiae
1084 4140 1150 4191 sunt
1174 4153 1243 4206 quas
1267 4135 1353 4191 habet
1380 4136 1505 4204 militia,

915 4212 949 4263 ut
965 4206 1069 4263 milites
1087 4212 1116 4263 et
1131 4207 1260 4263 subdivo
1276 4207 1410 4263 omnibus
1422 4226 1506 4263 oom-

914 4278 1099 4335 moditetibus
1113 4283 1250 4340 ‚carentes
1271 4278 1435 4351 perdurare
1456 4298 1508 4337 co·

916 4355 1020 4421 gantur
1036 4355 1066 4407 et
1084 4350 1113 4404 in
1126 4350 1269 4421 perpetuis
1282 4350 1423 4420 periculis
1438 4370 1508 4407 ver-

916 4425 1023 4476 sentur.
1075 4420 1155 4477 Unde
1179 4420 1298 4485 videbis,
1321 4421 1507 4491 particulam

918 4506 943 4547 ei
967 4510 993 4549 v.
1013 4494 1029 4549 5
1058 4509 1116 4548 non
1139 4508 1222 4563 posse
1249 4508 1312 4549 cum
1336 4492 1509 4567 Doeringio

916 4564 1017 4620 omitti
1047 4594 1082 4604 -
1108 4562 1396 4635 lilasi]l1.e.islem
1416 4567 1507 4623 iuve-
