3125 5225
568 264 843 335 passusne.

94 452 261 551 legimus
288 480 381 529 sana
404 454 703 555 interpungendi
732 459 889 554 ratione,
908 457 1145 557 impedimur
1163 484 1300 555 prava3

91 589 213 677 atque
237 578 433 657 audienda
460 594 517 656 est
542 581 610 659 illa
636 608 709 658 vox
737 584 935 663 Ciceronis
959 584 1008 661 de
1034 582 1141 661 Orat.
1150 582 1224 671 III,
1235 586 1300 659 46:

91 702 309 785 „clausulae
335 719 375 781 et
396 706 640 806 interpuncta
666 710 872 785 verborum
899 708 1053 787 animae
1076 707 1302 783 interclusio

91 838 129 901 et
156 828 361 927 angustiae
382 830 537 927 spiritus
563 832 802 909 attulerunt.“
838 832 1148 931 Ortbographiae
1164 831 1301 908 melius
1332 843 1338 849 “

90 978 157 1029 me
183 953 448 1029 consulturum
477 954 673 1053 putabam,
710 958 744 1031 si
776 956 976 1055 vulgarem
1008 953 1302 1032 scribendorum

92 1076 377 1153 vocabulorum
403 1079 590 1155 rationem
615 1104 797 1178 sequerer
821 1104 937 1179 quam
963 1080 996 1155 si
1009 1080 1194 1155 Horatius
1215 1080 1300 1177 ipss

91 1215 131 1275 et
155 1202 342 1300 aequales
379 1201 575 1301 quomodo
610 1205 851 1302 scripsissent
886 1204 998 1280 anxie
1031 1203 1300 1302 investigarem

89 1326 215 1424 inquo
240 1326 457 1424 periculum
483 1352 508 1403 a
532 1328 631 1403 veris
655 1328 864 1405 aberrandi
902 1328 1120 1404 inconsulto
1156 1330 1301 1418 incide·

91 1472 185 1527 rem.
236 1448 315 1525 lam
344 1465 385 1525 ut
411 1450 460 1527 de
485 1454 766 1529 commentariis
792 1453 930 1547 dicam,
957 1454 1011 1529 ita
1035 1480 1119 1531 rem
1143 1454 1298 1549 institui,

90 1587 132 1648 ut
158 1576 376 1672 praemissa
402 1576 510 1653 brevi
532 1589 740 1653 metrorum
764 1577 1113 1676 expositione-in
1137 1604 1215 1678 qua
1240 1606 1300 1653 or·

90 1698 224 1775 dinem
250 1700 481 1779 aSeltns'tzs'o
509 1701 602 1777 olim
628 1702 667 1777 in
692 1717 977 1801 programmate
1002 1704 1191 1803 gymnasii
1214 1706 1298 1779 Mo-

88 1826 251 1903 nasterii
277 1826 468 1901 Eifliensis
503 1826 672 1905 dilucide
706 1829 944 1925 propositum
984 1854 1112 1905 meum
1145 1827 1223 1904 feei
1251 1868 1299 1881 -

88 1949 253 2049 singulis
281 1952 515 2027 carminibus
538 1967 765 2053 argumenta
790 1980 1070 2050 praeponerem
1097 1955 1137 2029 in
1175 1955 1300 2052 iisque
1426 1960 1430 1967 ⁴

88 2074 252 2150 uberius
280 2100 399 2173 quam
427 2075 466 2151 id
499 2076 581 2153 lieri
605 2076 704 2153 solet
728 2078 769 2153 in
794 2077 907 2153 huius
933 2078 1040 2155 modi
1067 2078 1299 2155 editionibus

90 2210 126 2273 et
153 2210 339 2297 tempora
365 2212 403 2274 et
427 2199 514 2277 loca
539 2198 809 2297 describerem,
833 2202 884 2279 de
910 2228 1059 2277 summa
1088 2202 1298 2277 carminum

92 2324 287 2400 sententia
313 2324 560 2423 inquirerem,
575 2338 701 2423 partes
728 2327 980 2423 ostenderem,
996 2340 1116 2403 totam
1131 2326 1300 2425 denique

92 2450 362 2525 ammoniam
389 2450 507 2525 modo
531 2462 704 2527 accurate
730 2475 962 2551 exponerem
988 2453 1106 2529 modo
1130 2478 1219 2530 eum
1242 2465 1298 2525 to-

92 2571 165 2646 tius
193 2573 326 2671 operis
354 2586 558 2672 angustum
583 2576 746 2672 spatium
775 2576 974 2653 brevitatis
997 2576 1169 2654 studium
1203 2576 1299 2654 mibi

92 2697 324 2796 imponeret,
346 2697 522 2792 universe
547 2697 770 2776 indicarem.
797 2698 845 2775 ln
870 2727 949 2799 qua
974 2727 1017 2776 re
1042 2701 1115 2777 boc
1141 2726 1298 2800 quoque

90 2835 247 2898 secutus
283 2849 379 2918 sum,
419 2835 463 2898 ut
488 2823 649 2898 consilio
673 2837 812 2921 poetae
837 2825 1035 2922 explorato
1062 2827 1293 2902 convenien-

90 2949 223 3046 tiaque
237 2946 477 3045 singularum
490 2948 704 3024 carminum
719 2932 886 3047 partium
903 2963 1056 3047 reperta
1069 2949 1178 3026 malis
1198 2975 1298 3048 quae

88 3072 211 3148 bodie
234 3071 414 3148 audimus
441 3071 492 3148 do
513 3072 665 3150 Horatii
691 3073 930 3150 carminibus
941 3073 1094 3152 iudiciis
1120 3099 1298 3150 occurre-

89 3221 171 3272 rem
200 3207 424 3295 quantaque
442 3197 660 3273 Venusinus
687 3211 804 3295 poeta
828 3199 870 3274 in
897 3197 1136 3297 expoliendis
1161 3199 1297 3275 carmi-

89 3322 205 3398 nibus
232 3347 324 3398 nsus
338 3333 436 3398 esset
451 3347 543 3398 onra
555 3335 593 3398 st
604 3337 687 3400 arte
701 3311 830 3422 digito
840 3337 1104 3401 monstrarem.
1131 3307 1296 3421 Magnus

90 3445 197 3518 enim
224 3445 405 3521 carminis
433 3447 660 3522 conficiendi
685 3447 823 3543 artifex
846 3449 922 3526 fuit
944 3448 1138 3543 Horatius,
1163 3474 1297 3547 quam·

91 3595 214 3668 quam
243 3571 372 3646 omnia
397 3572 480 3653 eius
503 3587 684 3674 poemata
708 3575 798 3674 pari
819 3573 936 3650 laude
962 3573 1082 3674 digna
1108 3599 1190 3648 esse
1216 3573 1300 3670 quis

91 3696 245 3771 sobrius
273 3695 403 3771 dicat?
430 3697 601 3773 Plurima
625 3697 665 3772 in
691 3697 750 3773 his
778 3699 893 3774 rebus
920 3699 1043 3774 debeo
1069 3697 1298 3774 doctissimis

91 3819 186 3894 viris
217 3821 284 3919 qni
310 3821 532 3918 nuperrime
568 3821 616 3896 de
643 3821 805 3898 Horatio
829 3823 1073 3922 seripserunt,
1115 3821 1298 3914 Obdcrs'o,

94 3943 253 4038 Orelltb,
273 3945 493 4039 Duentaero,
523 3947 745 4042 Kirednero,
765 3949 973 4042 mettere,
993 3948 1183 4039 Iacobss‘o,
1201 3947 1296 4024 Gro-

95 4069 271 4173 infanda,
289 4069 472 4163 Franlsao,
486 4069 592 4166 aliis,
622 4098 786 4171 quorum
810 4073 967 4148 nomina
992 4098 1053 4166 ne,
1081 4071 1299 4170 ubieunque

95 4219 224 4270 eorum
253 4195 432 4272 doctrina
458 4207 495 4270 et
517 4195 655 4294 opibus
681 4223 771 4272 usus
796 4223 929 4293 essem,
944 4197 1184 4273 nominarem
1206 4196 1297 4271 libri

96 4321 206 4397 vetuit
234 4319 407 4397 brevitas
435 4342 480 4392 ae
507 4331 587 4393 tota
612 4319 721 4394 ratio.
748 4319 796 4394 In
822 4320 982 4418 singulis
1006 4320 1101 4396 loeis
1127 4334 1164 4396 et
1180 4321 1297 4396 versi-

95 4445 152 4524 bus
176 4439 432 4546 explicandis
468 4441 538 4518 hoc
565 4443 671 4518 volui
698 4469 833 4520 cavere
859 4473 907 4521 ne
935 4443 1028 4544 qnid
1058 4472 1103 4521 ex
1140 4445 1298 4520 historia
1368 4527 1371 4532 ,

84 4583 442 4674 rerumgestarum,
460 4569 704 4667 geographia,
728 4569 968 4669 mythologie
987 4569 1166 4646 afferrem
1190 4569 1296 4669 quod
