3125 5225
800 290 994 360 EPODON

498 480 633 580 Neque
657 480 731 555 hoc
754 492 930 577 parentes
957 478 1033 555 heu
1058 479 1152 555 mihi
1175 484 1393 579 superstites

597 606 785 704 Effugerit
810 604 1079 705 spectaculum.

758 964 946 1053 Osuuuu
979 968 1044 1053 VI.

497 1106 601 1200 Quid
626 1107 869 1183 immerentes
896 1107 1064 1206 hospites
1091 1134 1204 1183 vexes
1230 1109 1334 1185 cenis

600 1232 768 1329 Iguuvus
792 1230 993 1306 adversum
1017 1230 1161 1329 lupos?

496 1356 601 1449 Quin
623 1356 699 1432 huc
722 1358 866 1453 inanes,
893 1356 924 1431 si
950 1368 1069 1453 potes,
1094 1360 1211 1434 vertis
1239 1359 1374 1458 minas,

595 1484 644 1557 Et
668 1508 731 1557 me
755 1506 1012 1557 remorsurum
1041 1483 1149 1581 petis.

468 1609 594 1685 sNem
622 1608 744 1708 qualis
770 1622 838 1684 eut
861 1588 1050 1683 Molossus
1078 1622 1145 1684 aut
1172 1608 1299 1685 fulvus
1326 1610 1464 1707 Lacon,

595 1734 732 1811 Amica
758 1734 813 1810 vis
840 1737 1067 1833 pastoribus,

496 1858 622 1957 Agam
648 1885 719 1958 per
744 1859 839 1935 ultas
862 1886 954 1935 eure
979 1859 1129 1935 sublate
1153 1858 1269 1955 nives,

594 1971 857 2081 Quaecunque
882 1982 1067 2081 procedet
1091 1984 1192 2079 fera3

497 2108 556 2183 Tu
583 2133 670 2182 oum
695 2106 868 2183 timenda
893 2132 986 2183 voce
1013 2106 1213 2203 complesti
1239 2132 1387 2205 nemus,

454 2268 479 2305 ιο
597 2232 814 2307 Proiectum
841 2232 1014 2307 odoraris
1041 2233 1181 2308 cibum.

296 2446 346 2485 rus
357 2429 395 2483 sit
403 2428 578 2499 superstites,
593 2446 656 2483 cum
672 2432 791 2483 neturus
808 2428 871 2499 lege
921 2446 974 2498 qus
993 2429 1068 2484 viros
1085 2428 1258 2499 femineoque
1278 2426 1407 2482 illustres
1430 2444 1486 2497 pro·
1524 2446 1525 2475 i

297 2498 349 2554 filii
368 2500 532 2569 perentibus
551 2500 717 2570 superstites
735 2516 797 2555 esse
823 2500 870 2555 de·
920 2502 1031 2555 csoibus
1048 2500 1160 2570 scriptis
1176 2500 1397 2555 diffamarent«
1418 2498 1486 2554 Suet

294 2573 391 2628 beent.
920 2571 1008 2642 Oelig.
1029 2574 1115 2627 c.16:
1142 2571 1247 2628 »Gessit
1264 2570 1362 2627 Severi
1378 2570 1486 2640 scriptu,

474 2683 625 2741 carmen
642 2685 688 2739 VI¹
918 2643 1167 2699 senatusconsultis
1195 2644 1302 2699 ubolits
1328 2643 1437 2712 muniri
1461 2645 1487 2695 st

918 2731 979 2770 esse
993 2715 1023 2768 in
1040 2715 1168 2770 manibus
1187 2713 1368 2783 lectitsriqus
1392 2713 1486 2784 peruri-
1524 2713 1525 2742 ³

331 2780 551 2837 Acerbissimum
582 2797 694 2836 carmen
721 2782 751 2837 iu
779 2781 869 2838 homi·
905 2786 956 2856 ,sit
972 2785 1145 2856 (Caligulam
1166 2787 1223 2841 Alii
1240 2785 1398 2840 dsMeevio
1459 2787 1486 2837 ts
1524 2819 1525 2824 κ

293 2851 358 2908 neni
391 2854 544 2935 ignotum,⁸
564 2853 612 2922 qui
643 2854 805 2909 innocentes
838 2857 868 2908 et
918 2858 1090 2940 cogitarunt;
1118 2858 1153 2912 de
1179 2873 1235 2927 quo
1253 2855 1317 2912 vide
1335 2856 1383 2927 Ep
1423 2857 1484 2923 ,1ος
1524 2847 1525 2892 l

294 2927 605 2996 peregriucshommes,
622 2925 671 2993 qui
688 2925 744 2996 ipsi
761 2941 792 2978 se
809 2941 867 2979 non
917 2929 964 2982 stit
990 2929 1024 2984 de
1051 2929 1262 2997 ani00steque
1288 2929 1365 2982 rislo
1392 2931 1485 2998 poets3
1524 2933 1525 2938 ’

293 3002 447 3067 potueruut
468 2995 627 3060 defendere,
652 2997 782 3067 malignis
808 3011 867 3050 cer-
916 2999 1043 3054 Ritterns
1071 3016 1162 3070 nuper
1186 3001 1221 3054 de
1245 2999 1332 3053 Furio
1355 2999 1487 3054 Bibsouo
1524 3021 1525 3062 3

293 3069 415 3124 minibus
428 3101 457 3108 -·
472 3085 537 3123 usm
551 3067 662 3122 videtur
700 3073 764 3121 oete
781 3067 867 3122 fuisse
917 3071 1125 3142 iambugrupho,
1153 3067 1189 3126 de
1206 3087 1263 3140 quo
1281 3070 1401 3138 Quintil
1419 3069 1451 3132 X,
1463 3073 1483 3130 1,

295 3171 327 3179 -
347 3145 410 3195 eret
434 3140 625 3194 calumniatus.
702 3141 808 3193 cretius
837 3153 867 3192 se
916 3145 967 3197 96:
1007 3143 1130 3196 »iambus
1152 3159 1209 3197 uon
1229 3159 1294 3196 seue
1318 3157 1336 3196 s
1357 3140 1486 3210 Rcmsnis

293 3215 438 3282 comparet
465 3229 527 3266 cum
555 3226 623 3265 cene
648 3209 792 3279 pastorali,
820 3210 868 3278 qui
915 3212 1074 3268 celebratus
1102 3218 1147 3268 est
1174 3217 1207 3266 ut
1234 3213 1383 3284 proprium
1411 3227 1484 3282 opus,
1524 3215 1525 3218 ’

291 3289 396 3338 nature
413 3283 502 3338 fidelis
521 3299 554 3336 sc
572 3280 658 3345 mitis,
684 3281 709 3334 si
735 3298 791 3352 qus
808 3281 867 3336 iere
915 3285 1082 3354 quibusdem
1098 3285 1297 3354 interpositum
1316 3285 1396 3338 cuius
1415 3297 1486 3336 scer·

291 3371 408 3426 gregem
434 3369 568 3424 eggressu
604 3353 651 3418 sit,
688 3351 718 3405 in
743 3353 866 3407 furorem
914 3356 988 3410 bitus
1004 3358 1035 3410 in
1053 3355 1170 3418 Catullo,
1194 3359 1331 3419 Bttaruto,
1351 3355 1383 3409 in
1402 3355 1485 3408 Hore-

292 3429 407 3496 agotum
435 3425 625 3479 adversarium
649 3441 712 3478 cum
739 3423 865 3479 venatico
915 3427 956 3482 tio
986 3444 1042 3482 uon
1075 3427 1263 3496 reperietur;‹
1300 3425 1393 3480 Tacit.
1417 3427 1485 3478 Anu.

293 3513 327 3550 sc
344 3498 428 3560 mulo,
448 3497 496 3565 qui
509 3495 667 3550 vehementi
686 3495 792 3550 latratu
809 3495 865 3548 for·
914 3497 960 3564 fv,
978 3497 1026 3552 et:
1066 3498 1205 3552 »carmine
1234 3499 1359 3551 Bitaeutt
1383 3501 1415 3550 st
1442 3497 1487 3550 ce
1524 3495 1525 3562 ζ

293 3567 443 3622 titudinem
476 3567 589 3636 quidem
622 3567 779 3635 promittet,
815 3567 865 3620 sed
913 3569 978 3624 tulli
1003 3569 1109 3624 referte
1136 3567 1313 3623 coutumeliis
1339 3567 1486 3621 Osessrum
1524 3587 1525 3592 ¹

291 3640 402 3694 cumin
423 3639 555 3694 silsems
574 3637 688 3691 domiuo
708 3637 882 3692 missussit1
914 3640 1071 3711 leguntur«
1122 3639 1193 3694 Vide
1210 3639 1246 3693 ed
1264 3639 1321 3692 Set.
1340 3639 1361 3702 1,
1385 3641 1428 3700 10,
1445 3639 1486 3692 36.
1524 3643 1525 3658 ’

292 3711 415 3765 muneris
444 3709 540 3764 stetim
567 3708 749 3763 obliviscetur
772 3724 864 3777 neque
913 3711 1034 3781 Tempus
1053 3713 1192 3766 incertum
1209 3714 1261 3774 est,
1279 3709 1328 3763 elii
1345 3709 1485 3770 sdefflii,

290 3781 415 3836 icrsrum
439 3779 558 3850 vestigia
586 3780 636 3833 scd
663 3779 784 3849 proiecti
808 3780 864 3834 cibi
913 3783 1121 3837 altianum
1142 3797 1255 3837 carmen
1271 3781 1440 3835 retulerunt

291 3852 406 3908 odorem
426 3855 567 3921 sequetur,
593 3849 789 3905 fortitudinem
816 3867 864 3905 au·
948 3853 981 3910 V.
995 3858 1017 3909 1.
1035 3853 1252 3980 cantsknsturs
1272 3850 1433 3921 impudens.
1452 3879 1486 3890 —

290 3930 349 3980 tem
366 3925 396 3978 in
416 3922 579 3978 ellstrendis
597 3921 866 3992 viatoribusexprog
913 3931 977 3996 quin
994 3923 1088 3995 certis]
1140 3941 1176 3979 on
1202 3926 1279 3979 recte
1297 3925 1327 3978 in
1343 3923 1485 3977 nonnullis

289 4001 356 4053 mut.
382 3995 555 4051 Scholisstee
573 3994 719 4047 nominent
737 3993 863 4048 Gessium
913 3996 1004 4062 codd.¹
1018 3997 1104 4051 stiam
1115 3999 1144 4049 in
1157 3994 1350 4065 antiquissimo
1362 3998 1485 4049 omnium

290 4067 429 4138 quendem
448 4066 590 4128 Severum,
618 4065 783 4120 maledicum
801 4081 862 4119 ors-
911 4067 1018 4132 Blend„
1048 4080 1121 4122 uerte
1149 4071 1179 4121 et
1203 4079 1272 4138 pete,
1302 4065 1368 4134 quis
1396 4065 1486 4134 priori

288 4145 389 4204 torem,
418 4139 464 4208 qui
482 4153 509 4191 u.
521 4153 549 4190 n.
563 4138 616 4191 786
633 4152 719 4189 senex
735 4141 861 4191 mortuus
912 4144 990 4194 certe
1003 4138 1167 4208 imperativo
1178 4141 1299 4192 metrum
1309 4137 1485 4191 sdversctur.

289 4217 334 4267 est
361 4219 397 4276 et,
431 4226 487 4279 quo
518 4213 646 4277 tempore
669 4207 723 4261 hoc
749 4222 861 4262 curruen
912 4210 952 4264 De
972 4210 1124 4265 indicativo
1141 4208 1176 4263 ci.
1189 4209 1248 4263 Lis.
1258 4207 1279 4272 1,
1289 4211 1331 4262 ot.
1355 4207 1413 4262 Cic·
1433 4223 1486 4277 pro

288 4284 494 4353 scriptumest,
522 4279 673 4349 pueritiam
697 4278 744 4333 uix
768 4295 862 4350 egres-
910 4279 1006 4336 Rubir.
1030 4281 1108 4351 perd.
1128 4299 1150 4335 c.
1164 4283 1193 4335 6:
1223 4277 1309 4346 »Quin
1332 4279 1486 4332 continetis

290 4372 337 4408 sus
355 4360 426 4408 eret.
458 4353 528 4407 Orto
546 4350 666 4405 fortusse
686 4366 720 4404 eu
737 4351 861 4419 suspicio
911 4368 1007 4407 vocem
1016 4353 1138 4407 indicem
1148 4351 1285 4406 stultitius
1299 4349 1433 4404 vestrae?
1452 4379 1484 4388 --

291 4431 335 4480 est
362 4444 397 4480 ex
427 4441 469 4489 co,
520 4423 576 4478 uod
605 4421 718 4475 Tacitus
746 4423 861 4491 scripsit
912 4425 1055 4496 Molossus]
1082 4423 1116 4477 cl.
1132 4421 1210 4492 Virg.
1227 4420 1327 4492 Georg.
1346 4419 1402 4485 111,
1421 4421 1484 4474 405.
1524 4435 1525 4440 ¹

289 4496 361 4550 Anu.
371 4498 391 4561 1,
403 4498 451 4550 tu:
491 4518 503 4545 ›
530 4494 616 4547 rimus
644 4493 688 4546 Au
729 4497 789 4547 stus
816 4511 862 4548 cc·
909 4493 991 4564 Soph.
1011 4496 1054 4550 At
1073 4497 1142 4550 ne:
1181 4483 1227 4546 »εὖ
1258 4491 1292 4546 δέ
1316 4491 1341 4546 u'
1371 4491 1484 4564 ἐκφέρει

290 4567 443 4636 guiticnem
460 4567 496 4620 de
514 4565 627 4620 fumosis
638 4565 695 4619 libe
717 4565 741 4618 is
756 4567 860 4620 trscts·
911 4564 1000 4628 Κυνὸς
1017 4573 1157 4632 Λακαίνης
1185 4559 1221 4623 ὥς
1245 4581 1284 4623 τις
1308 4555 1412 4634 ciperet
1436 4557 1484 4630 ῥά-

289 4637 339 4702 vit,
358 4640 514 4692 commotus
527 4641 622 4693 Casus·
633 4642 725 4692 Severi·
734 4635 859 4702 libidine,
910 4651 977 4698 σιμ
1000 4669 1035 4680 -
1052 4633 1185 4710 procudet]
1213 4633 1260 4690 Sic
1277 4635 1380 4689 rectius
1398 4647 1483 4702 quom
