3125 5225
438 242 868 335 fflufflnm
1187 264 1247 329 m

113 451 1248 551 Quanmmhineimminuettquantoautegopareiusautvos‚

111 581 144 657 0
165 579 284 678 pueri,
310 579 489 676 nituistia
516 592 559 655 ut
582 580 659 655 hue
683 604 806 655 novus
832 577 959 655 ineola
983 577 1115 653 venit?

109 704 200 781 Nam
224 705 406 803 propriae
429 704 576 781 telluris
601 704 736 780 herum
761 715 900 779 natura
925 727 1051 802 neque
1073 700 1183 777 illum

70 827 183 906 alise
205 854 268 907 me
293 854 365 907 nee
391 854 625 929 quemquam
647 829 795 905 statuit:
819 854 889 903 nos
913 826 1056 927 expulit
1080 825 1165 919 ille;

108 954 216 1029 Illum
241 966 308 1031 aut
332 954 522 1053 nequities
546 966 613 1029 aut
637 954 736 1044 vafri
761 953 911 1029 inseitis
936 952 1041 1047 iuris,

108 1078 341 1168 Postremum
367 1078 533 1178 expellet
558 1091 660 1155 uerte
685 1077 859 1153 vivacior
880 1076 1002 1177 lieres.

107 1202 209 1278 Nune
234 1228 328 1303 ager
352 1204 536 1281 Umbreni
561 1205 631 1279 sub
656 1204 825 1299 nomine,
856 1227 981 1300 nuper
1008 1199 1128 1279 Ofelli

105 1326 242 1423 Dictus,
269 1327 344 1403 erit
369 1327 466 1403 nulli
491 1328 694 1427 proprius3
721 1328 789 1403 sed
813 1326 923 1403 eedet
948 1325 989 1399 in
1014 1351 1123 1401 usum

67 1451 210 1529 nNune
232 1452 339 1548 mihi
366 1478 468 1529 nuno
493 1452 570 1529 alii.
616 1452 808 1546 Quocirca
829 1449 947 1527 vivite
973 1449 1101 1545 fortes,

104 1575 306 1677 Fortiaque
328 1577 497 1655 adversis
520 1578 705 1677 opponite
727 1589 886 1677 pectora
911 1576 1038 1653 rebus.

600 1776 698 1813 -Ἳ,

514 1919 679 2007 Sanan
709 1918 783 2003 III.

104 2084 160 2161 sic
182 2111 275 2161 raro
300 2084 445 2181 seribis,
469 2096 513 2160 ut
536 2096 617 2159 toto
642 2109 721 2159 non
748 2095 883 2183 quater
911 2107 1012 2160 anno

104 2210 363 2287 Membranam
387 2234 535 2307 poscas,
561 2210 795 2307 seriptorum
821 2232 997 2307 quaeque
1021 2218 1207 2301 retexens,

66 2402 162 2483 eiSat.
178 2406 200 2471 1,
220 2408 249 2473 b,
261 2409 306 2461 74.
328 2436 358 2447 -
378 2407 451 2478 tine]
471 2422 506 2461 ex
523 2407 559 2463 iis
574 2406 624 2463 bo
672 2406 751 2463 oultn
768 2424 803 2463 ao
819 2406 1058 2463 sermonemisers
1071 2403 1245 2469 affectarent,

66 2491 101 2527 me
116 2492 181 2545 qaas
197 2495 277 2534 nune
293 2478 376 2535 nobis
393 2483 473 2544 snnt,
498 2478 624 2535 modera-
672 2478 750 2535 trirti
760 2480 841 2535 vultu
851 2479 950 2534 urbem
959 2476 1246 2549 peromrerenmlios

65 2544 130 2601 tone
144 2548 227 2606 animi
246 2554 280 2607 et
296 2549 460 2622 frugalitate
478 2550 559 2605 ritae.
590 2580 623 2591 -
671 2550 800 2605 hominen
820 2566 984 2622 quoeunque
1002 2554 1118 2621 possent
1136 2549 1246 2605 ratione

66 2623 183 2688 utrium
201 2623 301 2678 nitent
318 2623 367 2692 qni
377 2623 452 2678 bona
465 2621 624 2679 valetudine
672 2627 823 2692 carperent
845 2627 876 2677 st
901 2637 1003 2704 magna
1019 2639 1088 2678 roee
1104 2621 1245 2692 vitupera·

64 2692 172 2746 utuntur.
204 2694 301 2766 Epist
317 2693 384 2758 1‚4‚
405 2697 448 2750 15.
469 2725 501 2736 -
518 2695 622 2767 taeotn]
672 2699 745 2750 rent.
799 2694 895 2749 Talem
919 2690 929 2748 i
960 2698 1007 2748 tur
1039 2693 1181 2748 hominem
1212 2723 1245 2732 -

65 2759 111 2844 i'st
121 2767 272 2822 veteranus
288 2765 379 2849 miles,
397 2771 625 2849 tnnoporsessor
672 2765 748 2835 qnod
768 2783 857 2854 qenua
874 2765 934 2850 nihi
962 2765 1016 2820 nisi
1034 2766 1167 2820 virtutem
1185 2781 1245 2820 ere·

62 2837 622 2980 nanrttttttutr
671 2853 747 2963 tn
772 2835 1245 2909 ‘ul‘

63 2973 90 3029 ld
111 2995 157 3033 aur
178 2979 279 3044 iariat,
309 2981 405 3036 statim
428 2979 515 3036 addit
565 2980 622 3036 Cir.
670 2997 760 3051 genus
791 2981 941 3036 humanum
972 2979 1095 3036 insanire
1123 2995 1245 3050 arguen-

63 3046 160 3106 huet
174 3051 236 3108 Pal.
257 3056 286 3121 2,
305 3055 354 3106 27:
374 3048 622 3124 »Ἀγρὸςᾌχωμε-
670 3055 729 3108 tem
759 3051 852 3108 iaeeto
878 3051 976 3123 utique
1000 3055 1031 3108 et
1047 3049 1141 3120 lepido
1160 3049 1244 3106 modo

62 3118 124 3174 vitea
139 3118 262 3196 γενόμην
281 3124 359 3190 nort,
381 3124 433 3179 air
458 3124 490 3178 tt
508 3130 622 3180 Mavor-
670 3123 939 3193 psrieetisairnahao
953 3124 1040 3178 satira
1047 3121 1182 3177 Horatius
1197 3123 1244 3178 de·

63 3208 116 3243 sat·
141 3197 196 3250 Καὶ
220 3191 311 3250 πόλιν
334 3197 363 3256 ἐξ
388 3196 483 3266 ἑτέρου
499 3189 622 3267 βήσομαι
670 3194 779 3250 seribit
805 3195 859 3264 Qui
876 3211 959 3265 qnam
970 3195 1082 3265 egregie
1095 3209 1244 3248 remsuam

62 3262 194 3354 titirsgw.
221 3270 283 3322 Καὶ
298 3263 355 3338 γὰρ
372 3267 476 3352 inape
493 3269 568 3339 ἔχειν
582 3271 624 3340 μί
669 3265 812 3322 instituit!
847 3265 1049 3350 Damasippum
1066 3265 1141 3320 enim
1161 3266 1243 3320 -id

60 3334 109 3386 ποτ’
130 3355 196 3406 erro
222 3343 273 3393 not
298 3334 384 3394 ntur
409 3358 489 3399 orror
509 3345 618 3396 outa·
669 3341 764 3392 antem
780 3335 1168 3393 nomsnsstorroumioraneo
1181 3335 1243 3406 phi·

61 3406 108 3473 dpt
125 3409 149 3461 δ’
165 3406 237 3470 ὅλως
261 3404 385 3474 οὐδενὸς,
412 3407 481 3464 ἀλλὰ
502 3405 617 3481 Timr«
669 3409 788 3478 losepho
816 3439 850 3450 -
876 3409 962 3466 nimio
992 3407 1076 3464 fietne
1105 3423 1170 3462 suae
1201 3425 1244 3464 sa·

63 3501 88 3514 ·
102 3483 236 3552 proptu]
254 3480 324 3536 vids
339 3481 377 3536 ad
391 3481 617 3548 Garunnam.
668 3481 792 3564 pientiae
819 3480 914 3536 studio
941 3497 973 3536 eo
1003 3481 1092 3535 latnrn
1118 3478 1243 3536 videmus

60 3573 87 3586 ··
100 3551 178 3623 antri]
196 3553 258 3609 Set.
278 3552 314 3616 11,
333 3556 360 3617 t,
377 3555 421 3608 at.
667 3552 859 3622 impatientiae
882 3557 913 3607 et
939 3552 976 3606 im
1016 3550 1176 3616 rtunitatis,
1210 3557 1244 3608 ut

667 3623 1242 3764 rami

89 3756 182 3817 umas
198 3779 266 3819 earn
286 3762 382 3818 studio
405 3767 436 3818 et
458 3779 547 3834 opera
569 3762 620 3818 do·
667 3767 809 3835 usquead
826 3765 1049 3834 mutilen)
1069 3767 1179 3838 ingenti
1196 3785 1242 3822 ur·

61 3829 154 3886 doram
176 3833 335 3897 hominnm,
365 3833 452 3890 relati
475 3834 618 3890 Ciesronia
667 3837 711 3892 bis
730 3839 852 3908 strepitu
870 3837 1043 3907 infinitisque
1062 3839 1151 3908 epulis
1168 3839 1242 3894 male

172 3905 355 3975 philosophia
381 3909 500 3975 exeepta
534 3909 618 3969 esest,
667 3914 819 3964 vexaretur
833 3909 990 3981 aufugerat,
1008 3913 1241 3980 persequeretur3

103 3991 185 4053 ¹neu
208 3978 308 4047 potnit
324 3979 394 4046 quin
412 3981 458 4032 sat
476 3977 559 4032 multi
577 3977 618 4032 ita
667 3979 777 4036 milieet
804 3997 838 4036 eo
863 3985 941 4038 eerte
965 3981 1091 4042 oonsilio.
1118 3984 1150 4034 nt
1177 3999 1241 4037 eum

62 4046 206 4110 amnem
219 4049 471 4133 pmplerterentna
488 4049 618 4131 utphilo·
664 4050 896 4136 Horatiiqnoque
910 4069 991 4108 aures
1002 4052 1108 4108 insanis
1118 4051 1240 4108 suisdis-

61 4111 192 4181 ”phorum
202 4122 303 4176 samin
322 4137 413 4191 magra
526 4121 616 4191 philo·
665 4123 858 4192 putatiombns
893 4125 1170 4195 inpudentibusqus:
1192 4123 1239 4180 sd-

62 4184 146 4265 wpltot
164 4205 194 4245 ts
210 4197 399 4262 praestarent
464 4192 617 4248 tmaxime
664 4193 873 4251 hortationibus
883 4195 1051 4260 obtudisset,
1063 4195 1170 4250 lautam
1185 4195 1240 4251 sibi

61 4255 159 4344 utiam·
170 4261 332 4320 Stoieornm
350 4263 480 4319 doctrina
496 4263 531 4319 de
548 4279 617 4320 aen
664 4270 788 4320 mereret
805 4283 928 4324 oosnam.
952 4266 1004 4322 Isti
1022 4267 1096 4322 enirn
1112 4266 1238 4322 homiues

61 4335 384 4406 &mmmmmnniqna
392 4335 537 4390 hominnm
546 4334 616 4390 stul·
664 4353 684 4391 a
708 4337 843 4394 divitibus
871 4343 904 4394 ut
930 4355 1045 4394 somrae
1064 4355 1168 4394 coenae
1191 4337 1239 4394 ad·

61 4398 112 4479 its?
134 4402 207 4460 hand
232 4423 340 4475 pauens
367 4405 481 4463 allieurs
508 4406 614 4472 detuit,
665 4407 758 4465 hiberi
778 4411 916 4480 solebant,
934 4409 1067 4466 nimirum
1081 4426 1117 4463 ns
1134 4408 1185 4478 qui
1202 4409 1238 4464 ri·

62 4482 99 4551 tt}
113 4489 186 4530 tuam
202 4477 292 4534 animi
313 4478 469 4548 nequitiam
492 4479 615 4535 oelantee
664 4497 726 4536 snm
745 4485 873 4538 meumst
889 4483 919 4538 in
941 4481 1024 4536 hilari
1042 4481 1172 4536 convivio
1190 4481 1238 4538 cle-

61 4538 214 4625 tonuere
230 4554 343 4606 moun
370 4549 408 4605 oe
429 4567 460 4607 ss
480 4549 614 4607 tunnam
664 4555 748 4608 eset.
789 4553 866 4610 ense
888 4553 960 4625 sug.
978 4555 1028 4610 rs:
1048 4552 1122 4608 »sut
1143 4569 1237 4610 aeroa-

61 4607 212 4676 &tunes
243 4619 405 4708 quinem
435 4621 615 4680 severitatem
663 4627 742 4680 mata
759 4628 791 4681 et
813 4624 963 4682 histriones
989 4623 1186 4695 interponebat
1204 4643 1238 4682 ae
