3125 5225
496 294 584 363 LIB.
604 294 648 362 11.
669 291 812 361 EPIST.
831 294 858 359 I.
1213 289 1277 355 569

137 484 317 562 Evaluere
341 512 490 580 sonum,
516 482 688 560 reienrnt
711 508 826 581 quem
852 492 982 556 nostra
1004 479 1175 553 theatra?

139 613 356 711 Garganum
382 610 534 707 mugire
557 606 675 708 putes¹
694 632 828 683 nemus
855 616 919 715 aut
945 627 1050 679 mare
1072 600 1250 694 Tuscum,

136 738 254 813 Tanto
280 762 367 813 cum
392 734 554 832 strepitu
579 732 664 808 ludi
691 744 911 831 spectantur
939 742 976 807 et
1001 740 1100 804 artes

116 861 373 961 'Divitieeque
399 859 636 959 peregrinae,
664 858 804 959 quibus
831 854 973 932 oblitus
998 866 1103 929 actor

95 985 233 1063 ecum
254 984 358 1059 stetit
381 984 420 1058 in
448 1007 572 1078 scena,
601 980 793 1057 concurrit
817 979 973 1055 dextera
997 977 1141 1077 laevae.

136 1109 234 1183 Dixit
255 1108 381 1185 adhuc
403 1106 576 1208 aliquid?
627 1106 691 1183 Nil
717 1130 818 1181 sane.
873 1104 981 1199 Quid
1003 1100 1130 1201 placet
1156 1098 1278 1197 ergo?

143 1232 247 1309 Lana
269 1234 480 1310 Tarentino
505 1232 626 1307 violas
651 1230 799 1306 imitata
822 1256 982 1307 veneno.

135 1356 191 1434 Ac
213 1384 265 1434 ne
291 1359 392 1434 forte
416 1369 529 1457 putes
554 1384 617 1433 me
644 1382 742 1457 quae
767 1357 895 1433 fucere
922 1356 1004 1453 ipse
1030 1374 1213 1443 recusem,

137 1484 230 1561 eum
255 1495 360 1559 reete
385 1495 550 1558 tractent
575 1481 652 1580 ulii,
677 1481 838 1558 laudare
863 1480 1053 1579 maligne3
1146 1488 1148 1493 '

93 1606 203 1683 soille
226 1632 300 1705 per
324 1620 517 1683 extentum
544 1607 676 1682 funem
701 1607 797 1682 mihi
821 1632 934 1705 posse
962 1602 1114 1680 videtur

134 1726 193 1805 Ire
212 1742 341 1827 poeta,
367 1756 495 1805 meum
523 1730 591 1830 qui
616 1741 748 1826 pectus
771 1730 938 1805 inaniter
962 1728 1082 1827 angit,

133 1852 272 1951 Irritat,
298 1852 449 1952 mulcet,
476 1854 583 1931 falsis
608 1856 817 1930 terroribus
838 1854 983 1953 implet,

30 2018 37 2034 ¹
135 1978 182 2056 Ut
205 2006 355 2078 magus,
377 1993 416 2056 et
439 1978 557 2055 modo
583 2006 647 2055 me
670 1980 812 2056 Thebis
838 1979 954 2055 modo
981 1978 1090 2078 ponit
1104 1976 1278 2053 Athenis.

133 2101 280 2179 Verum
301 2129 375 2203 ege
396 2116 434 2181 et
457 2104 527 2202 his,
555 2104 621 2205 qui
649 2131 691 2182 se
716 2104 849 2180 lectori
876 2102 1032 2181 credere
1058 2103 1205 2179 malunt

90 2226 259 2319 ssQuem
285 2229 508 2326 spectatoris
532 2227 689 2305 fastidia
713 2228 816 2305 ferre
842 2228 1008 2327 superbi,

134 2351 277 2429 Curam
299 2352 423 2428 redde
448 2354 615 2449 brevem,
640 2355 672 2429 si
693 2380 831 2430 munus
860 2353 1042 2452 Apolline
1069 2352 1231 2453 dignum

134 2477 198 2552 Vis
225 2476 422 2575 complere
446 2474 556 2554 libris
582 2492 619 2555 et
645 2479 793 2554 vatibus
816 2478 960 2555 addere
983 2478 1118 2574 calcar,
1241 2482 1244 2485 ’

135 2600 184 2680 Ut
207 2600 339 2678 studio
365 2602 512 2679 maiore
535 2617 668 2703 petant
693 2603 881 2681 Helicona
907 2604 1105 2680 virentem.
1130 2607 1138 2624 “

132 2725 254 2804 Mults
281 2725 439 2825 quidem
463 2727 576 2802 nohis
603 2728 764 2804 facimus
790 2727 892 2804 mala
917 2751 1031 2827 saepe
1056 2733 1203 2826 postas,
1232 2767 1281 2780 -

91 2921 224 2993 bissunt3
233 2926 268 2977 ut
277 2923 332 2979 cic.
344 2923 465 2980 deliret
473 2923 524 2995 111,
532 2929 575 2992 50,
588 2929 654 2982 196:
704 2927 825 2996 plurime
863 2923 908 2982 'ers
922 2926 1085 2990 fabularum,
1105 2943 1176 2998 quae
1187 2944 1204 2982 a
1215 2941 1280 2998 poe·

92 2990 133 3047 »In
154 2995 197 3050 bis
222 2994 248 3049 si
272 2995 383 3067 paulum
408 2995 493 3052 modo
518 2997 654 3054 offensum
704 2998 742 3052 tis
759 2945 963 3064 tractabantur,
973 2999 1173 3069 petebatur-
1186 3018 1278 3053 serere

91 3069 134 3134 est,
150 3070 183 3120 nt
200 3069 252 3120 eut
270 3067 462 3123 contractione
476 3069 590 3124 brevius
607 3067 655 3124 fie-
705 3069 766 3141 ape]
786 3069 935 3140 DescrIpta
954 3071 1027 3125 mela
1038 3069 1211 3134 condicione,
1225 3086 1281 3138 qua

90 3141 129 3189 ret
143 3141 191 3193 ent
205 3137 399 3209 productione
415 3140 656 3210 longiusseeaea
705 3141 810 3196 scenici
836 3145 937 3211 poetes
961 3141 1066 3196 Romae
1088 3144 1213 3206 umatus,
1244 3139 1280 3196 ed

88 3209 653 3283 consumente-unqamnjcarm.
705 3212 829 3282 reliquos
847 3218 945 3282 poetas
963 3213 1066 3267 trensIt
1092 3229 1149 3266 non
1173 3211 1279 3268 meiere

89 3275 255 3351 ll,e,dsqq.
276 3313 309 3322 -
327 3284 544 3407 luds'11pompee.
557 3311 592 3323 -
611 3303 656 3338 er·
705 3282 803 3338 levore
820 3285 916 3354 populi
932 3285 1086 3355 gaudentes
1104 3299 1138 3337 eo
1171 3299 1207 3338 ue
1222 3281 1278 3336 Au·

90 3349 214 3419 m1ride
233 3351 271 3408 ed
289 3351 379 3408 Germ.
435 3357 484 3418 ,8,
504 3358 529 3409 5.
551 3382 583 3394 ·-
605 3359 654 3408 Ds'-
706 3355 782 3424 gusti
799 3355 1012 3410 benevolentiae
1030 3371 1157 3410 commen
1178 3358 1215 3410 et.
1246 3383 1275 3394 -

89 3423 175 3493 suae]
195 3423 361 3493 splendidae
378 3430 480 3480 vestes.
498 3426 533 3480 A.
550 3423 653 3480 Pero.
704 3438 730 3480 et
748 3426 801 3496 tte]
827 3427 911 3481 etiem
929 3427 981 3482 his.
1009 3455 1035 3466 -
1065 3447 1157 3482 reram
1186 3424 1279 3497 redde]

118 3491 221 3550 Ηθθ.
251 3516 285 3549 αα
303 3495 348 3566 ne]
375 3495 434 3550 Iam
459 3497 576 3565 nequis
595 3513 655 3552 cre·
703 3501 769 3566 post
786 3504 916 3566 pecatum
939 3499 1036 3553 orbern
1053 3497 1210 3552 Romanurn
1233 3513 1280 3550 cu·

90 3561 132 3616 det
153 3565 246 3634 ipsum
272 3573 423 3636 propterea
450 3571 539 3623 ertem
566 3569 655 3622 sceui·
702 3585 764 3621 rem
782 3585 865 3637 quem
885 3569 953 3624 olim
969 3569 1093 3626 habuisti
1114 3568 1156 3624 hie
1185 3569 1278 3636 rebus,

89 3635 340 3692 cmBomenorum
353 3634 523 3708 vituperare,
534 3639 609 3708 quod
624 3639 653 3693 in
703 3639 799 3694 reddo.
835 3639 916 3708 Quod
933 3641 1075 3696 Bentleius
1094 3639 1123 3695 in
1141 3658 1198 3696 uno
1217 3639 1278 3696 cod.

89 3718 119 3757 ee
139 3723 232 3777 neque
257 3709 444 3764 elaboraverit
469 3727 589 3780 unquem
607 3728 652 3764 ne·
704 3711 813 3780 reperit
831 3715 950 3780 impende
970 3717 1054 3782 etque
1074 3711 1144 3768 adeo
1162 3712 1279 3781 recepit,

89 3792 137 3843 que
163 3779 256 3849 possit
285 3779 438 3848 suburere,
465 3781 565 3850 quenti
592 3797 653 3835 eam
705 3798 741 3836 es
760 3781 853 3852 glossa
870 3783 1022 3852 repetItum
1041 3801 1100 3840 esse
1119 3783 1215 3839 sentis.
1234 3781 1279 3837 Ad

89 3851 159 3902 recte
184 3849 292 3905 cultam
314 3853 443 3907 eestImet
469 3851 601 3906 ostendit.
620 3883 655 3895 ·-
706 3853 909 3922 explanandam
930 3856 1097 3910 sententiam
1122 3852 1280 3925 comparari

88 3922 209 3991 ααῑίςαα]
240 3939 332 3992 perce,
360 3939 467 3993 perum.
488 3951 522 3962 -
539 3945 588 3994 per
612 3946 657 3979 αα·
705 3929 802 3992 potest
821 3926 918 3980 similis
943 3929 1019 3981 certe
1038 3927 1116 3981 locus
1134 3927 1223 3980 Germ
1242 3923 1277 3987 11,

90 3993 598 4064 tmufem12remdiffioillimem
616 3996 655 4050 ia·
708 3999 731 4058 l,
753 3999 787 4050 10
807 3998 842 4052 sd
855 3996 1018 4065 Pollionem,
1039 4015 1072 4053 eo
1093 3997 1204 4067 quidem
1222 3995 1277 4050 dis-

89 4075 169 4116 cere«
189 4063 327 4134 Porphyr.
343 4066 454 4120 Arrian.
465 4064 559 4135 Epict.
572 4070 597 4133 3,
609 4070 654 4121 12:
704 4067 830 4134 crimino,
858 4073 890 4124 ut
909 4068 999 4124 Pollio
1029 4069 1065 4123 ed
1089 4065 1277 4132 scribendum,

91 4126 246 4190 ›Asioaeolrir
269 4136 330 4190 ἔστι
348 4141 395 4190 καὶ
412 4135 509 4220 αόΙέπὶ
533 4145 657 4224 σχοινίου
706 4138 851 4208 Augustus
878 4141 915 4195 ad
933 4157 1028 4196 curem
1045 4139 1137 4195 denuo
1155 4137 1278 4194 scriben-

88 4213 259 4290 prunastr·
288 4213 334 4261 καὶ
356 4203 389 4261 οὐ
411 4225 502 4273 μονον
521 4209 657 4265 desectos
703 4208 779 4263 tibus
809 4211 1023 4282 impendendam
1055 4213 1210 4266 revocetur.
1243 4237 1277 4252 -

88 4276 150 4328 ulls
182 4281 230 4331 καὶ
263 4278 464 4334 rutensem
512 4279 656 4336 Describit
704 4299 799 4336 nem
831 4287 958 4353 Apolline
987 4281 1104 4354 dipsium]
1141 4281 1205 4336 vide
1240 4279 1277 4336 ed

89 4343 183 4402 deinde
203 4347 271 4418 qnid
293 4351 419 4406 scenicus
440 4355 524 4420 poeta
549 4353 580 4407 in
597 4353 655 4407 ani·
706 4351 795 4406 Germ.
815 4353 841 4418 1,
860 4356 904 4410 31.
940 4353 1031 4425 Epist.
1050 4353 1072 4419 Ι,
1091 4356 1116 4416 3,
1139 4355 1179 4408 17.
1223 4351 1277 4408 Dio

89 4431 143 4471 nos
159 4419 332 4476 audientium
350 4421 450 4477 velent.
471 4453 503 4462 -
522 4423 654 4495 inaniter]
705 4423 780 4480 Cass.
801 4424 872 4490 LIII,
891 4430 919 4480 l:
945 4427 990 4480 »τὸ
1002 4417 1183 4482 Ἀπολλώνιον
1199 4417 1231 4479 τό
1249 4441 1276 4478 rs

88 4489 148 4569 quie
164 4489 231 4546 flete
246 4509 310 4567 res,
333 4492 364 4547 id
380 4493 456 4563 quod
473 4498 575 4564 poetae
596 4512 654 4551 soe·
704 4494 736 4548 lv
753 4495 791 4565 τῷ
809 4499 938 4566 Παλατίῳ
956 4501 1000 4550 καὶ
1019 4493 1050 4551 τὸ
1069 4498 1223 4568 repleturas
1245 4491 1276 4550 τὸ

88 4573 145 4615 nroo
168 4560 350 4619 difficultates
369 4569 462 4635 suget.
491 4594 525 4603 -
554 4569 654 4637 Μία,
704 4571 768 4638 περ)
792 4563 857 4622 αὐτὸ
881 4561 929 4628 τάς
953 4586 982 4623 ss
1000 4561 1146 4635 ἀποθήκας
1161 4567 1216 4623 τῶν
1234 4575 1276 4637 βι-

89 4633 205 4703 Attm's]
229 4648 295 4689 nem
319 4652 354 4690 ex
371 4633 415 4690 his
432 4637 549 4693 urbibus
569 4637 654 4710 louge
703 4640 789 4705 βλίων
805 4633 953 4707 ἐξεπόνησε
970 4643 1017 4694 καὶ
1034 4643 1213 4712 καθιέρωσα
1242 4654 1277 4678 -·
