3125 5225
461 233 548 302 LIB.
562 235 591 302 1.
608 231 748 308 nemu.
764 230 892 301 xum
1213 234 1277 300 545

130 423 241 501 Nunc
266 435 314 521 et,
341 423 376 500 si
402 419 497 522 quid
522 421 641 516 abest,
668 419 777 498 Italis
793 419 999 498 adiudicat
1023 418 1152 498 armia

130 547 198 646 Ao,
217 573 271 624 ne
298 559 336 624 te
358 545 529 626 retrahas
555 557 592 624 et
617 544 889 622 inexcusabilis
913 545 1027 637 absis,

130 673 311 767 Quamvis
333 671 390 748 nil
417 683 524 748 extra
548 696 749 748 numerum
777 670 913 747 fecisse
939 668 1176 769 modumque

86 831 108 872 a
132 799 262 894 (huss,
287 795 482 874 interdum
507 795 663 894 nugaris
689 819 779 871 rure
806 807 986 894 patorn03

128 923 295 998 Partitur
319 921 452 998 lintres
474 920 674 1018 exercitus,
699 921 814 998 Actia
835 946 969 1020 pugna

129 1047 181 1124 'le
207 1045 306 1124 duce
330 1071 402 1145 per
425 1069 566 1144 pueros
590 1043 720 1121 hostili
745 1070 855 1122 more
879 1045 1063 1143 refertur3

129 1169 382 1248 Adversarius
409 1181 467 1248 est
493 1168 622 1264 frater,
646 1168 752 1246 lacus
775 1169 937 1267 Hadria,
964 1170 1088 1247 donec

130 1294 367 1372 Alterutrum
391 1293 503 1370 velox
527 1292 695 1370 Victoria
720 1292 862 1372 fronde
887 1309 1058 1372 coronet.

85 1449 106 1488 e
129 1418 352 1498 Consentire
377 1419 455 1494 suis
482 1417 620 1494 studiis
647 1418 715 1518 qui
740 1417 948 1496 crediderit
972 1432 1011 1498 te

127 1542 268 1620 Fautor
292 1555 458 1643 utroque
481 1553 591 1618 tuum
613 1539 787 1618 laudabit
809 1541 952 1639 pollice
975 1543 1123 1626 ludum.

127 1666 305 1744 Protinus
331 1679 373 1744 ut
394 1693 583 1764 moneam,
609 1667 763 1768 siquid
791 1669 991 1746 monitoris
1016 1697 1108 1771 eges
1134 1687 1188 1764 tu,
1243 1741 1246 1744 ,

128 1789 230 1884 Quid
258 1792 310 1870 de
335 1818 491 1894 quoque
519 1793 603 1868 viro
629 1804 666 1870 et
694 1791 757 1870 cui
782 1793 889 1870 dicas
913 1819 1028 1894 saepo
1055 1797 1196 1874 videto.

127 1915 437 1994 Percontatorem
465 1915 601 2014 fugito,
629 1943 717 1994 nam
745 1917 924 2016 garrulus
949 1919 1053 1996 idem
1080 1935 1138 1998 eat

87 2067 108 2106 u
128 2040 206 2118 Nec
232 2039 400 2118 retinent
423 2039 577 2140 patulae
604 2043 809 2118 commissa
832 2041 1000 2120 fideliter
1021 2070 1143 2142 aures,

127 2165 173 2240 llt
193 2163 314 2242 semel
342 2163 521 2240 emissum
549 2165 652 2242 volat
677 2165 931 2242 irrevocabile
954 2169 1126 2244 verbum.

126 2285 211 2364 Non
238 2287 383 2364 ancilla
407 2299 516 2362 tuum
541 2288 647 2364 iecur
673 2289 821 2366 ulceret
845 2289 926 2366 ulla
950 2315 1094 2388 puerve

126 2413 230 2490 Intra
254 2438 515 2490 marmoreum
539 2412 751 2490 venerandi
775 2415 895 2492 limen
916 2415 1040 2512 amici,

129 2537 185 2615 Ne
210 2537 392 2614 dominus
418 2537 530 2635 pueri
555 2536 706 2637 pulchri
732 2564 892 2617 caraeve
916 2537 1069 2639 puellae

88 2691 108 2731 a
130 2663 292 2738 Munere
317 2674 355 2737 te
381 2686 501 2760 parvo
529 2662 616 2738 beet
639 2677 707 2740 aut
731 2664 1000 2739 incommodus
1027 2680 1154 2764 angat.

128 2786 293 2880 Qualem
307 2786 564 2883 commendes,
575 2788 689 2863 etiam
699 2801 816 2888 atque
825 2789 940 2865 etiam
953 2788 1120 2888 adspice,
1130 2817 1180 2867 ne
1188 2788 1276 2866 mo'x

127 2907 318 2989 incutiant
339 2910 469 2987 aliena
491 2911 563 2987 tibi
587 2924 743 3010 peccata
767 2912 968 3009 pudorem.

128 3035 313 3113 Fallimur
338 3048 375 3113 et
402 3034 596 3135 quondam
623 3062 701 3113 non
725 3036 887 3137 dignum
913 3038 1117 3114 tradimus:
1144 3064 1237 3139 crgo

89 3214 214 3283 prolibus,
233 3212 388 3285 significari
406 3214 442 3269 ab
460 3212 577 3271 Horatio
598 3216 651 3269 Ar·
700 3230 731 3269 se
759 3214 864 3269 divisis.
886 3243 919 3254 --
938 3213 1026 3284 ulca]
1061 3214 1128 3285 quia
1145 3210 1274 3271 Victoria

89 3286 197 3341 umam
230 3284 332 3341 eodem
360 3288 488 3355 tempore
517 3286 652 3343 Asteriae
701 3284 753 3341 dea
772 3289 816 3339 est
844 3289 875 3340 et
899 3286 982 3340 slata.
1000 3316 1035 3327 -
1061 3286 1171 3357 pollice]
1203 3286 1275 3341 Plin.

90 3354 159 3412 rdern
250 3360 282 3413 et
293 3356 409 3427 Tigrani
423 3356 564 3413 traditam
580 3357 652 3413 Nam
700 3354 827 3421 XXVIII,
840 3358 911 3423 ab:
943 3361 1085 3425 »Polliam
1101 3373 1165 3410 cnm
1183 3356 1274 3413 faves·

89 3424 134 3482 loc
159 3362 274 3493 ἔξω,
310 3426 463 3485 extendere
491 3428 653 3499 Augustum
702 3445 773 3491 mus,
791 3448 911 3498 prame
929 3427 1014 3482 etiam
1032 3428 1183 3510 proverbio
1197 3428 1273 3484 iube·

90 3495 234 3555 Romanum
251 3498 401 3570 imperium
422 3515 476 3569 per
499 3503 591 3555 totum
610 3518 653 3555 cr·
702 3516 790 3553 muns
838 3498 1002 3553 Contrarias
1022 3503 1119 3569 gestus
1138 3501 1279 3569 improba-

90 3566 144 3623 bern
168 3576 319 3629 terram.
348 3600 382 3611 -
408 3582 488 3625 satra
515 3591 653 3627 nnmerum
703 3568 790 3625 tionis
807 3569 920 3640 signnm
937 3574 1008 3625 erat.
1050 3569 1095 3624 Ex
1114 3572 1279 3627 muneribus

91 3644 140 3693 aad
218 3642 245 3714 ι]
275 3638 469 3711 metaphorice
498 3644 531 3695 ut
558 3641 652 3725 Epist.
704 3640 880 3712 gladiatoriis
898 3640 968 3695 hacc
985 3642 1077 3711 petita
1093 3645 1167 3697 sunt.
1207 3643 1279 3699 Vide

90 3662 231 3781 [13:³53
257 3704 294 3767 de
313 3712 430 3783 propria
446 3710 653 3795 significatione
704 3711 740 3767 ed
758 3710 851 3782 Epist.
864 3710 888 3777 1,
902 3716 926 3781 1,
939 3714 964 3767 6.

90 3781 120 3835 cl.
135 3784 165 3837 Δ.
177 3782 209 3838 Ρ.
219 3787 282 3840 211.
321 3782 570 3849 carnaeae:
597 3784 654 3839 »ln-
739 3782 772 3839 V.
783 3784 828 3838 70.
851 3784 975 3853 paulac]
1006 3800 1132 3853 »semper
1149 3790 1278 3857 patentes

91 3854 151 3908 strio
167 3854 191 3909 ri
212 3854 329 3925 paulum
356 3871 386 3911 aa
403 3854 492 3910 movit
506 3858 587 3911 extre
603 3874 654 3911 nu·
704 3852 740 3909 nd
767 3851 945 3920 audiendum,
973 3856 1126 3911 curiosae«
1173 3855 1277 3911 Comnu

91 3938 195 3995 nerum,
214 3926 405 3981 exsibilatur«
443 3926 518 3981 Bene
545 3944 654 3997 compa·
705 3925 789 3995 Grnq-
811 3954 841 3965 -
862 3927 1052 3995 irrevocabile]
1071 3924 1106 3980 cf.
1126 3924 1277 3981 &1239st

92 4000 159 4050 ratur
177 4001 221 4053 est
240 3998 441 4053 Germanorum
462 4014 527 4059 uana
545 3998 575 4053 in
592 4014 652 4055 roc.
704 4000 841 4053 limium
858 3996 973 4122 premaris
991 3995 1058 4052 des
1099 3998 1158 4058 tta,
1187 3994 1276 4061 hasta,

93 4068 145 4121 Tur
161 4067 197 4123 de
213 4084 249 4123 ao
266 4068 342 4139 qnod
360 4066 449 4123 decet
488 4066 533 4125 Sic
553 4068 652 4125 Graeci
705 4067 853 4123 similibus.
912 4067 1051 4125 .Luorcr.
1088 4068 1194 4131 ‚10422
1217 4084 1278 4122 »va-

92 4135 651 4267 ]
906 4138 1275 4279 v

93 4276 206 4337 ludentes
225 4298 349 4351 pugnem
363 4282 490 4337 navalem
500 4282 653 4347 Actiacam,
702 4281 725 4347 Ι,
744 4247 787 4345 13:
803 4250 848 4334 4.'
865 4280 888 4349 1,
905 4285 951 4349 26,
971 4284 1012 4336 13.
1033 4310 1064 4320 -
1085 4282 1276 4352 marmoreum]

93 4350 301 4409 rdolssoentinm
336 4353 395 4424 (par
425 4372 522 4423 pueros
555 4371 581 4409 v.
602 4356 653 4424 625
702 4352 782 4407 utin
801 4351 888 4407 divite
906 4352 997 4407 domo.
1014 4381 1045 4391 -
1064 4370 1277 4423 nuncuparet

93 4436 301 4488 macenorum,
317 4440 387 4492 quos
402 4422 652 4481 liberiadolcscen·
702 4426 771 4491 lact]
792 4422 834 4478 Na
850 4441 939 4494 parvo
957 4422 1011 4476 hoc
1028 4437 1143 4475 munere
1161 4421 1230 4476 sctis
1247 4426 1277 4479 te

94 4494 130 4546 les
144 4492 219 4550 band
237 4492 322 4550 dnbio
339 4495 481 4563 aspernati
499 4496 604 4567 essent)
617 4513 652 4551 cx
700 4494 815 4551 beatum
840 4494 935 4551 credat
958 4492 994 4547 ab
1024 4491 1142 4562 aliisque
1166 4493 1279 4549 maiori·

94 4564 175 4621 vicina
204 4565 389 4623 collectorum
414 4566 546 4637 gregibus
576 4566 653 4621 inter
701 4564 754 4621 bus
772 4564 854 4621 donis
872 4584 905 4621 ac
923 4560 1065 4621 beneficiis
1083 4565 1234 4619 abstinent.
1247 4593 1275 4604 -

129 4677 219 4719 annu
231 4678 261 4720 er
275 4678 416 4729 onnam
428 4679 461 4721 ar.
474 4680 498 4721 v.
1039 4666 1079 4726 35
