3125 5225
507 246 651 317 LIBER.
673 248 812 319 canu.
835 252 879 319 11.

289 430 370 527 Aut
391 434 433 509 in
458 434 619 514 reducta
642 438 745 517 valle
770 442 1022 541 mugientium

388 559 613 658 Prospectat
637 576 806 641 errantes
832 590 979 665 greges,

289 671 624 781 Inutilesveialce
644 712 772 761 ramos
797 702 999 785 amputans

388 808 595 886 Feliciores
616 811 758 905 inserit,

246 965 272 1005 a
288 930 368 1007 Aut
392 960 525 1031 pressa
548 936 656 1033 puris
679 935 796 1011 mella
821 936 952 1011 condit
977 936 1182 1035 amphoris,

386 1056 468 1133 Aut
490 1059 626 1135 tondet
648 1060 820 1135 infirmas
847 1088 961 1155 oves,

287 1181 359 1257 Vel
380 1207 468 1257 cum
491 1183 673 1259 decorum
698 1185 854 1261 mitibus
879 1187 1003 1283 pomis
1032 1201 1148 1283 caput

382 1304 624 1384 Auctumnus
650 1310 753 1408 agris
779 1309 923 1406 extulit,

283 1432 334 1508 Ut
355 1431 500 1531 gaudet
523 1434 678 1511 insitiva
703 1435 913 1533 decerpens
938 1462 1049 1534 pyra,

241 1589 269 1627 a
388 1561 607 1635 Certantem
633 1572 671 1636 et
696 1585 813 1635 uvam
836 1584 1042 1659 purpurae,

285 1679 374 1772 Qua
397 1694 618 1758 muneretur
641 1695 691 1780 te,
717 1682 867 1782 Priape,
896 1699 934 1761 et
960 1697 1008 1781 te,
1036 1697 1145 1783 pater

383 1806 548 1903 Silvane,
573 1821 676 1885 tutor
699 1809 846 1885 finium.

283 1928 397 2007 Libet
420 1932 547 2008 iacere
572 1933 689 2009 modo
715 1936 788 2009 sub
813 1935 971 2034 antiqua
995 1934 1084 2011 ilice

379 2056 497 2131 Modo
517 2058 560 2131 in
582 2058 708 2133 tenaci
729 2059 913 2155 gramine.

236 2211 265 2255 aa
286 2179 485 2255 Labuntur
506 2178 594 2255 altis
617 2179 774 2255 interim
798 2180 893 2279 ripis
919 2206 1052 2280 aquae,

385 2303 606 2394 Queruntur
630 2304 671 2377 in
694 2303 800 2380 silvis
825 2331 928 2397 aves,

92 2444 219 2499 nobrtiis
236 2440 367 2513 agricola
383 2458 447 2497 cum
465 2440 538 2495 liber
555 2440 602 2505 sit,
618 2444 662 2495 to-
709 2442 810 2513 (ieorg.
830 2440 866 2508 11,
884 2444 928 2497 81.
963 2441 1024 2497 Iris.
1043 2442 1077 2509 V,
1096 2444 1139 2497 24.

93 2518 144 2567 turn
163 2530 193 2568 se
209 2514 284 2569 dare
301 2516 396 2583 potest
412 2516 529 2566 naturae
541 2512 661 2566 amoeni·
744 2512 777 2567 V.
790 2516 830 2569 16.
849 2518 969 2583 infimas
985 2512 1056 2638 occul
1067 2513 1203 2579 imbelles,
1214 2515 1282 2571 mol-

91 2584 200 2656 tatibus;
211 2582 456 2657 quarumquidem
465 2600 567 2654 magna
578 2599 661 2654 quae-
708 2584 759 2652 les,
778 2586 881 2656 quippe
899 2601 970 2655 quae
987 2584 1046 2638 nihi
1075 2586 1209 2642 resistant
1221 2590 1283 2642 ton-

92 2655 260 2713 damtsbula
274 2657 377 2712 deinde
388 2657 662 2726 proponitur-nd-
709 2657 851 2712 dentibus.
895 2655 974 2714 oud.
993 2655 1033 2711 Ib.
1053 2659 1101 2710 43:
1127 2657 1201 2712 »Pax
1225 2660 1283 2714 erit

93 2731 144 2784 altu
158 2727 325 2810 propagine]
342 2726 476 2782 Novellae
486 2727 559 2781 vites
573 2725 661 2782 tertio
708 2729 777 2782 haec
794 2727 885 2796 uobis,
903 2727 992 2782 donec
1002 2728 1070 2782 mihi
1080 2728 1139 2783 vita
1149 2731 1281 2800 mauebit,

92 2816 155 2855 suno
171 2819 236 2856 cum
253 2799 367 2855 radices
386 2798 454 2852 ratis
479 2799 569 2868 egisse
586 2798 661 2852 vide·
710 2799 891 2870 (temperare
911 2804 1016 2868 infirmo
1034 2817 1104 2870 quae
1124 2801 1196 2855 solet
1222 2819 1282 2856 esse

93 2877 189 2937 rentur,
208 2877 343 2926 nrrrieara'
361 2869 495 2924 solebant.
536 2869 606 2924 Vide
624 2869 660 2924 ad
710 2870 809 2940 lupis«
827 2873 913 2925 -eel
930 2871 1000 2942 cam]
1022 2875 1088 2924 »Vel
1107 2871 1147 2925 sic
1166 2889 1282 2942 usurpa·

93 2941 172 2998 Germ
183 2943 218 3010 11,
234 2947 278 3007 15,
288 2945 317 2996 4.
336 2945 416 2996 Altus
437 2939 614 2995 adiectivum'
626 2959 660 2995 ex
708 2945 769 2997 tum
781 2959 842 2995 eam
853 2941 939 2996 habet
950 2945 1129 3012 potestatem,
1138 2947 1171 2996 ut
1181 2943 1283 2998 transi·

91 3020 182 3081 natura
200 3032 303 3069 earum
322 3013 456 3068 arborum
466 3012 586 3082 petitum
596 3017 662 3078 juon
708 3019 768 3067 tum
786 3017 867 3081 paret
885 3014 921 3066 ad
938 3013 1000 3076 alia,
1026 3034 1084 3068 cum
1110 3013 1227 3083 respicit
1245 3015 1281 3070 ad

91 3091 128 3138 est
142 3086 224 3140 inane
242 3104 262 3138 n
302 3101 335 3137 ne
353 3085 517 3138 mutandum
535 3083 661 3149 malina,
759 3101 899 3154 egressa«
928 3083 1051 3154 Wagner
1070 3083 1106 3138 ad
1122 3085 1281 3155 Virgrien.

89 3155 115 3208 iu
129 3157 201 3226 quod
218 3157 279 3212 inci
305 3156 327 3208 't
349 3155 508 3210 Lambinus.
521 3183 552 3193 -
564 3168 611 3208 nur
631 3161 660 3210 ia
748 3158 826 3219 ,406.
848 3187 873 3194 -
884 3155 971 3238 apris]
990 3155 1050 3208 Hoc
1068 3155 1282 3224 praeferendum

90 3227 202 3300 redacta]
220 3229 266 3284 Ne
283 3226 430 3280 maritatio
448 3223 548 3280 vitium
566 3225 602 3280 ab
623 3225 658 3279 si·
708 3227 877 3281 auctoritate
903 3225 1031 3280 codrcum
1057 3225 1140 3280 alteri
1167 3226 1282 3282 lectioni

90 3297 141 3352 uili
163 3317 249 3370 opere
279 3299 436 3368 putationis
462 3302 492 3352 et
518 3296 658 3350 insitionis
708 3304 798 3364 arsin
818 3313 983 3366 quamquam
997 3314 1185 3367 arvaquoque
1215 3299 1282 3353 omi-

90 3369 212 3424 arborum
230 3372 425 3440 separaretur,
444 3367 659 3422 multieditores
706 3367 767 3422 fera
787 3371 853 3422 sunt
869 3373 901 3422 ut
913 3367 1142 3438 Prop.1v,7‚er:
1166 3391 1177 3417 »
1205 3387 1280 3425 omo·

90 3439 173 3495 invitis
197 3441 350 3496 codicibus
366 3439 442 3493 huuc
459 3455 593 3493 ramnum
613 3457 658 3492 or·
707 3439 745 3494 sis
756 3439 829 3493 Anio
841 3456 896 3508 qua
905 3439 1039 3509 spumifer
1049 3439 1164 3494 incubat
1177 3441 1276 3496 arvia«

89 3508 171 3566 dinem
187 3509 400 3568 restituendum
417 3515 596 3574 censuerunt,
626 3514 658 3564 ut
707 3524 780 3564 -at
798 3511 906 3582 guader]
922 3509 956 3564 ef.
969 3511 1059 3565 Carni.
1071 3509 1119 3576 111,
1131 3514 1174 3576 25,
1187 3516 1228 3568 12.
1240 3513 1282 3566 in·

88 3597 172 3638 sersus
186 3588 228 3638 ll.
247 3589 284 3639 12
302 3583 507 3652 insequentium
525 3598 659 3634 versuum
706 3579 750 3636 fra
767 3583 810 3640 61.
833 3611 864 3620 -
885 3581 1008 3652 iminica]
1028 3581 1063 3635 ab
1080 3582 1142 3652 ipso
1162 3583 1279 3639 inserta.

90 3655 124 3706 13.
136 3659 166 3708 14
182 3655 279 3711 locum
300 3656 478 3724 occuparent.
508 3651 653 3706 blaritatio
705 3651 738 3706 Iu
757 3669 789 3706 sa
806 3670 836 3706 rs
847 3668 930 3707 causa
940 3656 986 3705 est
999 3653 1103 3723 gaudii,
1124 3656 1201 3723 quod
1211 3673 1280 3725 pyra

88 3731 171 3780 autern
186 3744 289 3783 mense
306 3721 341 3778 fit
356 3721 481 3790 Octobri,
499 3723 611 3792 putatio
629 3728 659 3776 et
705 3723 773 3778 licet
788 3723 949 3794 decerpere,
959 3723 994 3778 ab
1011 3723 1080 3794 ipso,
1096 3743 1153 3780 non
1168 3729 1204 3780 ab
1218 3725 1281 3780 aliis

88 3793 171 3852 britio
186 3799 313 3865 Marti03
346 3795 422 3849 inter
449 3801 595 3864 utramque
620 3792 658 3848 ad
706 3795 772 3848 olim
801 3796 912 3849 inserta.
949 3825 981 3834 -
1012 3796 1162 3867 praeparas]
1191 3797 1279 3853 Codd.

89 3867 202 3924 ordinem
213 3869 284 3924 anni
297 3870 329 3922 et
338 3872 456 3920 naturae
466 3870 657 3920 armentorum
705 3866 813 3936 aliquot
831 3884 966 3937 parpara;
986 3866 1036 3920 sed
1055 3866 1118 3922 vide
1139 3867 1175 3922 ad
1189 3869 1279 3924 Germ.

88 3947 244 4023 prospectus
258 3938 380 4012 ponitur
392 3941 423 3992 nt
432 3937 561 3994 laborum
570 3938 656 3991 inter·
704 3935 727 4002 1,
737 3941 762 4001 3,
777 3941 819 3993 13.
831 3967 863 3977 -
875 3937 987 4006 Priape]
1000 3937 1093 4009 Priap.
1104 3942 1190 4002 824:
1213 3943 1281 3996 »As-

89 4010 172 4065 nissro
189 4020 219 4067 et
237 4010 431 4082 agricolarum
450 4009 588 4078 voluptas.
621 4007 656 4062 cf.
706 4008 803 4063 siduus
827 4011 922 4064 custos
946 4009 1021 4062 ruris
1047 4014 1079 4063 ut
1102 4012 1276 4066 asserebas

89 4079 166 4138 Carnu
185 4083 207 4149 1,
229 4085 273 4148 17,
299 4083 341 4136 17.
368 4111 399 4120 —
430 4079 583 4148 turrem]
611 4077 657 4134 Sic
704 4079 746 4134 De
763 4080 875 4136 Silvano
900 4079 965 4134 vide
987 4079 1076 4136 Carra.
1094 4080 1149 4147 ΙΙΙ,
1167 4085 1216 4149 29,
1234 4087 1277 4138 23.

89 4153 239 4209 erBentieii
259 4152 426 4208 coniectura
441 4151 526 4206 etiam
535 4149 654 4206 Meinelr.
704 4149 953 4221 Virg.Aen.V111‚
972 4153 1034 4206 601.
1053 4183 1083 4192 -
1105 4158 1193 4208 isaaci
1214 4175 1277 4225 pra·

88 4219 177 4295 Haupt
195 4225 315 4280 Linker.
343 4240 397 4304 pro
422 4227 593 4292 inutilesque,
618 4239 654 4277 ue
703 4223 785 4294 nine]
805 4222 850 4279 vel
869 4227 985 4293 propter
1004 4222 1189 4288 altitudinem,
1202 4225 1278 4294 quod

88 4293 185 4351 diversa
197 4297 273 4352 male
288 4295 422 4363 comungi
431 4293 586 4348 videantur.
604 4291 654 4347 Oo-
702 4293 789 4364 pedes
811 4293 937 4348 euntium
949 4295 1027 4364 quasi
1038 4299 1130 4366 tenet,
1148 4297 1192 4350 vel
1202 4297 1279 4366 quod

89 4364 168 4421 dicum
186 4365 390 4422 anctoritatem
409 4365 499 4420 secuti
517 4363 654 4419 suntRit-
703 4370 797 4420 terrae
809 4365 929 4420 firmiter
940 4365 1081 4420 adhaeret.
1093 4397 1127 4406 —
1137 4367 1218 4438 ripis]
1231 4367 1277 4422 sia

89 4437 127 4490 ter
142 4443 170 4494 et
186 4437 296 4494 Keller.
324 4436 403 4492 Idem
421 4435 601 4492 indicandum
618 4435 654 4490 de
702 4454 737 4492 ex
749 4437 831 4493 bouis
841 4437 918 4492 MSS.
930 4436 1092 4506 Bentleius;
1112 4438 1159 4491 alii
1176 4456 1211 4492 ex
1230 4456 1277 4494 aa·

88 4525 159 4564 versu
176 4515 221 4564 35.
248 4539 286 4550 -
312 4507 465 4580 [eliciam]
490 4507 654 4579 Frugiferae
702 4509 789 4578 tiqais
808 4507 889 4565 codd.
908 4513 985 4574 riuis,
1012 4507 1222 4580 Peerlkampius
1242 4527 1276 4564 ex

88 4580 190 4636 ubera
217 4581 316 4636 labeas
340 4579 531 4634 nominantur.
573 4579 652 4649 Virg.
702 4581 865 4637 coniectura
882 4583 1035 4636 restituere
1048 4581 1136 4638 voluit
1153 4581 1275 4638 admisso

121 4695 211 4735 uantur
224 4695 257 4736 ad
271 4693 414 4741 videaturaut
428 4692 460 4732 ed.
474 4693 498 4730 v.
748 4698 751 4705 ·
1041 4685 1079 4741 19
