3125 5225
501 256 588 325 LIB.
612 257 640 323 I.
664 249 804 327 OARM.
827 257 893 324 III.

339 448 388 523 Et
415 471 543 523 serves
569 446 721 521 animae
748 445 955 523 dimidium
980 472 1100 523 meae.

234 571 303 647 Illi
328 573 447 647 robur
474 586 513 649 et
536 597 599 649 aes
625 572 764 670 triplex

193 731 219 769 a
345 698 456 777 Circa
481 711 613 796 pectus
640 712 731 793 erat,
760 698 828 797 qni
852 697 1031 795 fragilem
1057 697 1155 772 truci

241 825 446 903 Commisit
470 825 609 924 pelago
632 838 755 901 ratem
871 866 874 874 ·

338 949 489 1025 Primus
515 976 584 1025 nee
610 951 741 1025 timuit
763 951 1016 1049 praeeipitem
1038 946 1216 1023 Africum

238 1075 504 1151 Decertantem
531 1076 791 1175 Aquilonibus

336 1194 415 1272 Nec
440 1198 565 1275 tristes
591 1198 748 1296 Hyadas
774 1222 845 1273 nec
869 1200 1016 1275 rabiem
1040 1199 1142 1291 Noti,

197 1352 222 1391 n
241 1319 329 1412 Quo
351 1348 426 1397 non
455 1323 598 1399 arbiter
624 1322 797 1399 Hadriae

340 1448 475 1544 Maior,
504 1448 639 1525 tollere
664 1474 731 1523 seu
757 1475 904 1547 ponere
923 1450 1007 1524 vult
1034 1452 1144 1525 freta.

237 1570 365 1667 Quem
390 1571 528 1645 Mortis
554 1573 682 1647 timuit
706 1574 881 1671 gradum,

339 1694 416 1787 Qui
442 1696 550 1771 siccis
577 1697 696 1773 oculis
722 1713 894 1776 monstra
920 1701 1102 1794 natantia,

235 1822 314 1915 Qui
341 1820 440 1895 vidit
469 1846 571 1896 mare
599 1823 796 1922 turgidum
824 1838 861 1900 et

80 1970 173 2025 ctione
194 1968 416 2040 distinguerent.
453 1970 600 2035 creditam,
617 1970 661 2022 ds-
713 1969 813 2035 solent,
823 1970 946 2025 victorss
961 1988 997 2025 ex
1011 1988 1107 2042 pogna
1120 1969 1283 2025 discessisse

77 2046 131 2099 ess.
157 2042 264 2096 reddas
282 2040 419 2096 voeabula
438 2042 504 2093 sunt
524 2038 559 2092 dc
579 2056 660 2109 pecu·
712 2040 855 2095 videntur.
898 2042 944 2097 Sic
968 2043 1060 2097 Notus
1085 2042 1116 2096 in
1133 2041 1288 2101 Adriatico,

75 2112 122 2166 nia
140 2112 172 2167 in
193 2112 278 2167 fenus
297 2111 374 2167 data.
712 2112 788 2180 qnod
806 2128 857 2167 sno
876 2113 995 2168 arbitrio
1013 2115 1138 2182 (arbiter)
1160 2112 1235 2169 tollit
1259 2117 1289 2165 et

110 2182 481 2238 {sansanctissimae
501 2181 586 2251 neas]
622 2180 657 2237 ci.
710 2184 802 2252 ponit,
831 2185 893 2239 aliis
923 2186 972 2254 qui
1000 2186 1039 2241 ibi
1067 2186 1174 2241 saevire
1193 2184 1288 2238 conati

73 2256 166 2309 Garm.
188 2255 225 2319 Π,
249 2258 291 2320 17,
323 2256 349 2309 b.
394 2250 466 2306 iiam
495 2254 574 2324 ptus
601 2253 659 2307 lori
711 2260 776 2309 sunt
795 2256 874 2324 quasi
891 2256 1018 2312 devictis.
1042 2256 1084 2311 De
1102 2254 1287 2327 grammatica

71 2325 379 2399 praemissionis
406 2318 526 2396 σώμασι.
555 2352 589 2366 -
616 2345 660 2379 rs·
710 2326 820 2381 ratione
837 2326 890 2383 hoc
911 2328 1061 2383 dicendum
1081 2332 1135 2391 est,
1156 2344 1222 2383 cum
1240 2346 1287 2381 sss

69 2402 121 2452 iar
140 2410 171 2453 et
190 2418 240 2452 aes
261 2396 375 2467 criptas]
388 2394 508 2465 Clypeue
525 2396 660 2451 roboreus
711 2396 790 2467 (sies)
815 2402 938 2469 ponatur
964 2416 1017 2469 pro
1045 2404 1089 2455 ssi
1114 2405 1139 2454 ιι·
1159 2398 1233 2465 (ride
1250 2396 1287 2451 ad

70 2476 100 2523 et
115 2468 211 2525 lorica
229 2484 266 2522 cx
282 2466 390 2537 triplici
401 2466 585 2521 aerislamine
594 2482 660 2522 oon·
710 2468 730 2531 1,
742 2472 768 2535 2,
777 2472 832 2540 33),
852 2470 934 2525 facile
952 2470 1119 2541 particulam
1140 2476 1165 2524 ss·
1189 2468 1287 2524 reduci

69 2541 306 2666 lechaffictore
316 2537 446 2593 etanimc
455 2536 591 2591 humanos
599 2554 659 2593 sen·
710 2556 793 2611 posse
820 2540 857 2596 ad
886 2543 1014 2613 superius
1037 2543 1154 2598 verbnm
1180 2544 1286 2602 tollere,

72 2629 118 2666 sus
137 2631 193 2682 pro
218 2613 306 2668 'bant
324 2611 427 2666 Graeci
445 2609 505 2664 eius
519 2608 597 2664 modi
609 2608 659 2666 ho·
712 2615 745 2665 ut
762 2613 836 2668 hunc
854 2615 1007 2669 babeamus
1028 2613 1157 2670 ordinem
1184 2618 1210 2668 ss·
1236 2616 1287 2668 tot·

71 2686 179 2739 minem
209 2679 406 2756 nednpsirppom
433 2686 462 2736 et
488 2677 658 2752 χαλκεοκάρ-
713 2686 769 2738 iere
788 2689 830 2739 eet
848 2691 874 2741 si
891 2707 990 2758 ponere
1007 2689 1086 2750 ssslt,·¹
1108 2684 1284 2741 condiciona-

70 2757 135 2810 διον
153 2755 350 2826 appellabant,
374 2753 449 2808 unde
476 2753 659 2822 Aristophan.
711 2756 764 2810 lem
793 2761 888 2812 autem
913 2758 1081 2828 particulam
1107 2758 1137 2811 in
1161 2756 1287 2811 oratione

69 2827 142 2882 Ban.
158 2830 230 2883 101⁷
253 2827 349 2882 iocose
367 2821 474 2897 θυμοὺς
483 2824 659 2894 ἑπταβοείους
711 2829 807 2891 etiam,
826 2845 882 2882 non
900 2829 929 2882 in
946 2828 1072 2884 versibus
1091 2830 1181 2883 solnm
1192 2825 1287 2881 omitti

68 2899 148 2954 fecit.
169 2931 205 2940 -
238 2897 323 2968 enei]
353 2895 483 2952 horribili
511 2896 658 2966 adspectu.
711 2901 811 2953 notum
820 2905 872 2954 est.
894 2901 1024 2956 Ceterum
1032 2898 1286 2955 HoratiusHomeri

68 2971 102 3025 cf.
122 2967 221 3041 Epod.
241 2971 269 3034 2,
288 2971 313 3023 5.
342 2968 474 3024 Ceterum
490 2967 559 3022 haec
577 2985 657 3024 voca·
708 2987 820 3024 versum
847 2971 909 3040 (Od.
933 2972 967 3040 X,
995 2973 1039 3041 22)
1066 2972 1103 3025 de
1128 2970 1217 3024 Aeolo
1244 2967 1285 3022 iu-

68 3043 139 3096 buln
165 3043 304 3114 {rapidam
332 3045 404 3094 truci
437 3043 534 3112 pelope
570 3053 658 3096 ratem
708 3057 790 3097 verso
808 3042 954 3097 ordiuead
967 3043 1059 3114 ipsum
1069 3045 1283 3097 veniuminns·

68 3113 196 3168 Ghiesmi
218 3111 321 3168 ordine
340 3111 479 3166 collocata
496 3115 573 3175 sunt,
603 3129 658 3180 qno
708 3113 784 3167 tulit.
816 3143 850 3156 -
879 3119 974 3170 Mortis
1010 3114 1135 3184 padum]
1163 3113 1285 3166 Mortem

65 3181 386 3256 {ragilihtenavicnlae
396 3183 657 3238 contraimmanita·
707 3183 734 3238 h.
755 3186 772 3236 l.
809 3185 944 3257 δαίμονος
978 3201 1127 3256 personam
1162 3183 1286 3238 induisse

67 3264 127 3311 tem
139 3253 339 3324 marisposita
347 3253 468 3308 hnmana
477 3255 593 3310 audacis
601 3271 658 3312 ma·
708 3255 799 3325 ipsum
826 3257 994 3311 vocabulum
1020 3260 1120 3328 gradus
1147 3253 1285 3322 ostendit3

69 3329 115 3398 gis
134 3328 313 3382 illustretur.
329 3355 362 3367 -
375 3325 585 3397 recensivit]
604 3323 657 3379 Ds-
707 3343 850 3396 nequeas
868 3345 913 3382 res
931 3328 1047 3384 insolita
1064 3332 1116 3391 est,
1133 3343 1199 3381 nam
1210 3325 1285 3380 idem

66 3397 657 3539 messanensib?
708 3396 1284 3542 retinentissimus

67 3550 154 3610 sem
174 3542 217 3596 sic
237 3541 330 3596 Germ.
350 3539 371 3604 l,
394 3543 417 3603 1,
440 3543 481 3595 15.
511 3540 546 3606 11,
567 3541 593 3606 6,
616 3543 655 3594 15.
711 3544 772 3595 dom
791 3544 1053 3604 acunumiae·
1072 3545 1108 3597 ad
1125 3547 1224 3598 Orsum
1233 3541 1252 3595 i.
1260 3557 1284 3593 e.

68 3615 127 3668 Sat.
143 3614 168 3674 1,
180 3615 264 3680 ΜΒ.
284 3639 319 3652 -··
346 3617 438 3666 niatu
458 3611 579 3681 madar]
596 3611 657 3665 Tri·
707 3613 809 3667 mortis
818 3629 917 3684 genus.
936 3613 1146 3684 Quantomagis
1154 3611 1284 3667 illaratio

69 3686 124 3740 stia
139 3685 241 3740 sidera
256 3687 331 3748 sunt,
351 3683 417 3752 quia
435 3681 544 3738 coelum
554 3699 657 3738 occasu
707 3684 790 3739 decet
801 3688 920 3754 poetam,
932 3703 988 3754 qua
996 3685 1075 3740 Mors
1086 3684 1183 3739 hostili
1194 3683 1284 3753 gradu

71 3757 213 3812 matutino
244 3757 274 3810 et
307 3759 372 3809 ortu
401 3755 562 3825 vespertino
591 3771 657 3808 con·
706 3755 952 3821 hominesudorisi,
965 3753 1284 3812 hominesautemfortos

73 3829 190 3884 instare
209 3832 241 3883 et
264 3827 449 3895 tempestates
471 3824 571 3881 afferre
598 3843 656 3881 cre·
706 3827 842 3881 audneter
858 3827 992 3883 resistere
1012 3829 1284 3883 dicuntae-*siccis

72 3900 215 3954 debentur
244 3898 336 3968 (virg.
355 3899 425 3952 Aen.
444 3897 478 3964 X,
497 3899 574 3968 att„
606 3913 657 3966 per
707 3899 805 3970 uentis]
825 3899 970 3954 Bentleius
988 3899 1110 3955 coniecit
1134 3897 1284 3968 legendum

76 3971 219 4040 prolepsin
231 3969 324 4042 igitur
334 3969 375 4023 sie
387 3969 579 4038 appellantem
599 3985 654 4038 quo
707 3985 768 4023 esse
787 3975 870 4025 restis
889 3975 984 4026 sestis.
1004 3972 1043 4026 At
1052 3987 1109 4024 non
1118 3970 1217 4037 fortes,
1233 3968 1283 4024 sed

76 4059 123 4094 usn
152 4043 265 4112 antiqui
295 4045 400 4110 poetae.
432 4039 654 4096 efficacissimum
703 4039 767 4094 duri
794 4046 824 4095 et
849 4043 993 4096 tertionarii
1023 4041 1282 4096 hominesdescri·

78 4114 145 4169 nacti
162 4119 232 4169 sunt
261 4111 420 4168 subsidium
467 4112 596 4166 raritatis
625 4115 654 4165 et
703 4113 817 4178 buntur,
846 4131 966 4182 quorum
992 4114 1066 4169 oculi
1093 4112 1177 4183 rigidi
1207 4116 1281 4175 sunt,

77 4185 225 4242 brevitatis.
254 4183 437 4240 Contrarium
492 4183 541 4238 bes
561 4199 654 4238 exem·
703 4183 846 4250 exsiccati,
864 4184 987 4240 lacrimis
1006 4188 1141 4241 carentes.
1174 4183 1210 4238 oi.
1229 4183 1282 4238 Ae·

78 4254 144 4324 plum
162 4254 453 4324 carnai,7,15.ubi
473 4258 556 4308 Notus
576 4257 653 4310 attus
706 4254 794 4324 schyl.
826 4255 903 4325 Sept.
933 4259 1000 4311 698:
1042 4259 1144 4327 »ξηροῖς
1179 4249 1279 4307 ἀκλαύ-

78 4331 229 4400 spellatnr
247 4330 285 4382 ab
306 4327 421 4392 effectu,
441 4325 541 4380 deinde
563 4325 652 4380 Carni.
706 4343 779 4386 στας
807 4322 961 4398 inpacta«
1009 4328 1112 4384 Lucan.
1129 4326 1177 4389 IX,
1197 4327 1281 4379 1044:

107 4407 168 4468 2²⁷·
187 4405 230 4459 19.
251 4399 303 4464 111,
318 4403 345 4468 7,
365 4401 387 4450 i·
708 4398 799 4454 »sicco
816 4399 920 4454 lumine
939 4417 1002 4455 cam
1021 4415 1053 4453 os
1069 4399 1187 4453 Viderat
1198 4395 1280 4450 Ema-

102 4475 184 4531 V.14.
208 4471 315 4542 nosue]
335 4469 426 4523 etiam
439 4468 550 4530 Auster,
563 4469 653 4522 Germ.
704 4469 804 4524 thios.‹
851 4471 966 4525 Hieron.
1011 4471 1078 4541 pist.
1095 4473 1145 4524 26:
1171 4468 1281 4522 »moris

74 4545 182 4616 ntea
223 4545 353 4602 Certent
371 4538 451 4594 renti
470 4539 505 4594 de
534 4541 653 4610 imperio
704 4539 851 4596 interitum
881 4541 963 4597 siccis
991 4542 1081 4596 oculis
1109 4541 1211 4595 ridet«
1245 4569 1279 4581 -—

74 4621 156 4689 meing
174 4611 653 4691 qnisemperinaliqnomaridare
705 4616 841 4684 torpidam
866 4613 903 4683 st]
931 4613 1073 4668 Particula
1101 4625 1126 4668 st
1155 4612 1281 4681 generali
