3125 5225
300 233 362 298 180
773 229 1024 299 CARMINUM

494 420 654 525 Retorta
676 430 785 516 tergo
814 417 968 494 brachia
992 417 1115 493 libero

546 544 759 642 Porta-sque
785 570 862 618 non
886 544 1031 620 clausas
1056 557 1094 619 et
1118 569 1210 618 arva

594 672 719 746 Marte
746 667 820 745 coli
840 669 1030 768 populata
1057 683 1197 743 nostro.

456 856 482 895 ss
499 818 607 896 Auro
634 846 816 920 repensus
842 819 985 894 scilicet
1009 821 1132 894 acrior

497 945 609 1020 Miies
634 944 787 1020 redibit.
839 943 1005 1042 Flagitio
1028 943 1169 1020 additis

541 1071 752 1144 Damnum:
779 1094 905 1168 neque
931 1069 1088 1146 omissos
1115 1069 1260 1145 colores

596 1197 704 1272 Lana
730 1197 848 1271 refert
871 1195 1059 1270 medicata
1086 1196 1187 1289 fuco,
1253 1287 1259 1298 ·

498 1345 578 1420 Nec
602 1372 693 1422 vera
719 1347 850 1440 virtus,
878 1369 963 1418 cum
991 1343 1107 1418 semel
1134 1335 1286 1436 excidit,

456 1505 482 1542 so
501 1471 619 1547 Curat
643 1470 779 1570 reponi
806 1467 1071 1543 deterioribus.

549 1594 591 1671 si
616 1608 764 1694 pugnat
789 1595 970 1670 extricata
999 1592 1124 1668 densis

598 1721 721 1798 Cerva
748 1717 885 1818 plegio,
915 1721 988 1794 erit
1011 1718 1077 1793 ille
1104 1719 1214 1794 fortis

496 1869 573 1962 Qui
597 1866 754 1966 perfidis
780 1895 821 1943 se
844 1867 1010 1944 credidit
1031 1867 1214 1963 hostibus,

495 1995 544 2069 Et
563 1996 687 2070 Marte
711 1993 863 2068 Poenos
889 2004 1060 2090 proteret
1086 1991 1206 2066 altero

457 2152 483 2192 u
551 2118 627 2210 Qui
652 2117 736 2194 lora
761 2117 942 2192 restrictis
964 2113 1116 2190 lacertis

597 2246 722 2322 Sensit
744 2247 846 2320 iners
872 2243 1075 2343 timuitque
1102 2257 1274 2319 mortem.

496 2397 572 2471 Hic
597 2395 700 2472 unde
724 2395 845 2471 vitam
872 2405 1039 2470 sumeret
1064 2394 1201 2468 inscius

495 2521 636 2595 Pacem
662 2519 792 2595 duello
815 2519 981 2594 miscuit.
1034 2515 1068 2592 O
1095 2519 1240 2616 pudori

546 2642 581 2720 Ο
608 2668 749 2741 magna
769 2642 982 2741 Karthago
1010 2644 1206 2739 probrosis

451 2803 477 2843 ιο
595 2767 724 2844 Altior
748 2768 885 2844 Italiae
910 2768 1051 2843 ruinis!

295 2940 405 2997 codices
426 2944 541 3015 direpta,
558 2941 640 2996 mele.
660 2971 694 2981 —
711 2940 867 3011 portasque]
923 2970 956 2979 —-
971 2942 1020 2995 stc
1041 2940 1119 3011 unde]
1142 2940 1189 2995 Sic
1207 2940 1321 3011 plurimi
1339 2940 1460 2997 codices
1485 2944 1520 2997 et

295 3013 485 3083 Karthaginis.
514 3044 545 3052 -
571 3012 713 3085 populata]
732 3015 870 3081 Popuicre
921 3015 999 3065 recte
1018 3011 1131 3081 quidem
1151 3012 1257 3083 legunt.
1278 3012 1419 3069 Hicenim
1443 3030 1520 3068 cum

294 3085 410 3140 verbnm
435 3102 491 3138 non
511 3084 571 3139 sine
596 3085 731 3154 exemplo,
758 3087 791 3136 ut
808 3082 867 3136 Liv.
922 3080 1117 3155 indignatione
1149 3084 1274 3153 positum
1312 3082 1442 3139 refertur·
1477 3084 1521 3138 ed

295 3156 344 3220 111,
355 3158 380 3211 6.
393 3154 471 3226 Virg.
481 3156 582 3226 Georg.
590 3155 612 3217 1,
624 3159 683 3210 185.
704 3156 770 3209 Aen.
779 3155 800 3220 1,
808 3158 868 3208 527.
925 3170 986 3208 curn
1007 3155 1124 3209 militem
1144 3170 1227 3224 quem
1255 3159 1320 3209 ante
1341 3155 1521 3227 descripsit.

299 3227 476 3311 7irflcpitto]
488 3226 611 3281 Medium
631 3243 744 3311 carmen
761 3231 793 3279 nt
812 3242 869 3279 sse·
921 3224 947 3278 is
978 3224 1072 3309 igitur·
1096 3226 1143 3296 qni
1167 3226 1230 3309 capi
1261 3244 1290 3281 se
1309 3244 1417 3311 'pessus
1457 3232 1519 3293 est,

295 3296 474 3424 tithisii.
495 3302 870 3452 ttttttttsttt
921 3296 1524 3451 titt¹2ttttttttttttttrttt

295 3440 422 3510 exemplo
440 3442 609 3496 cernendum
621 3445 663 3497 est
674 3456 756 3510 quem
774 3457 803 3493 1n
820 3456 870 3493 un·
921 3454 980 3493 esrn
999 3456 1104 3494 servari
1125 3457 1182 3494 non
1193 3444 1341 3511 cogitaret,
1359 3458 1444 3495 susm
1463 3460 1524 3513 ps.-

295 3528 383 3581 penso
401 3512 501 3581 pretio.
528 3544 560 3552 -
577 3512 653 3595 tanc]
673 3512 708 3566 ci.
722 3510 836 3580 Quintil.
848 3509 868 3575 1,
921 3526 981 3564 cem
1008 3511 1077 3565 fecit
1108 3528 1170 3565 cum
1201 3510 1290 3565 hoste.
1324 3543 1355 3551 —
1384 3514 1524 3583 inscius}

298 3587 321 3646 1,
334 3586 364 3637 5:
388 3582 511 3637 »Nature
522 3584 693 3638 tenacissimi
712 3600 806 3637 sumus
824 3598 869 3635 cc·
922 3580 1094 3635 Lachmanni
1109 3582 1301 3637 coniecturum
1313 3588 1414 3639 annius
1425 3600 1528 3641 rece-

295 3672 365 3721 rum,
381 3670 451 3722 quse
464 3652 580 3709 rudibus
592 3656 671 3708 annis
681 3654 869 3724 percepimus:
921 3652 1171 3723 peruntiisuptius
1188 3657 1216 3707 et
1238 3654 1410 3724 Meinehius;
1433 3654 1527 3709 Ben-

296 3730 329 3778 ut
348 3741 439 3793 sspor,
459 3742 515 3794 quo
535 3743 609 3780 nove
625 3726 742 3793 imbues,
769 3726 868 3791 durst3
920 3724 1001 3779 tisins
1021 3742 1055 3779 ex
1075 3724 1157 3779 bonis
1176 3724 1258 3780 codd.
1280 3732 1379 3797 aptius,
1413 3732 1451 3780 et
1483 3744 1530 3783 ex

295 3812 348 3851 nec
366 3797 492 3850 lanarum
503 3796 621 3863 colores,
639 3797 739 3866 quibus
751 3796 869 3867 simplex
920 3796 989 3850 coni.
1022 3801 1111 3859 utino,
1148 3796 1222 3851 unde
1256 3796 1342 3851 vitem
1377 3806 1530 3855 sumeret

295 3866 343 3922 ille
371 3866 478 3922 candor
505 3871 629 3922 mutatus
648 3872 699 3936 est,
725 3868 780 3922 elui
805 3884 869 3938 pos·
920 3872 1020 3937 aptius,
1047 3866 1148 3921 Pacem
1176 3884 1200 3921 cr
1232 3866 1325 3923 duello
1355 3869 1524 3924 miscuit«

295 3942 385 3993 sunt«
406 3970 439 3978 -
452 3938 641 4009 deterioribus]
661 3940 786 4007 dativus3
804 3955 869 3992 nem
919 3936 975 3993 Sed
992 3942 1070 3993 recte
1087 3938 1142 3993 ism
1154 3938 1310 3994 Comment.
1330 3938 1415 4009 Gruq.
1441 3944 1532 4013 »qui

295 4027 431 4081 reponere
450 4012 494 4064 cst
511 4010 639 4064 reddere.
663 4010 754 4080 Epist.
762 4011 783 4074 1,
792 4012 816 4077 7,
825 4012 867 4065 39.
919 4010 1040 4065 nesciret
1062 4010 1149 4065 vitem
1169 4010 1229 4065 viro
1261 4010 1329 4065 forti
1348 4012 1454 4082 potius
1483 4015 1531 4068 de

295 4081 629 4151 Plin.Epist.VlII‚2,6:
650 4082 734 4137 »Cum
754 4086 869 4151 repnte·
920 4082 1003 4135 ermis
1024 4080 1215 4151 sperandam«
1242 4112 1270 4121 -
1296 4082 1398 4153 ductio]
1418 4084 1532 4138 Ansi-

295 4172 356 4209 rern
375 4153 511 4223 quosdam
529 4170 563 4207 ex
576 4153 672 4207 debito
684 4153 866 4223 sliqusntnm,
938 4152 1001 4207 nior
1020 4152 1110 4207 forms
1130 4152 1246 4225 egregie
1270 4153 1300 4207 in
1321 4170 1370 4207 cre
1388 4156 1535 4225 sntiqni

293 4226 429 4297 quosdam
446 4224 560 4293 aliquid,
585 4223 720 4294 quosdam
736 4224 806 4278 nibil
823 4242 867 4279 rc·
919 4168 1028 4293 iieguii.
1074 4224 1129 4278 Sed
1154 4224 1296 4295 reperitur
1321 4224 1419 4278 eedem
1454 4226 1527 4291 ΙΙΙ,

293 4298 444 4368 posuisse«
462 4324 497 4335 -
517 4302 542 4350 si
558 4318 593 4367 pu
612 4296 670 4367 nas]
690 4295 720 4349 Si
738 4294 809 4350 crdo
825 4312 868 4351 re·
921 4298 961 4358 14,
972 4298 1012 4350 18.
1031 4294 1078 4360 IV,
1096 4298 1137 4363 15,
1150 4298 1174 4351 8.
1202 4295 1294 4365 Epist.
1313 4294 1335 4361 1,
1353 4300 1379 4360 2,
1399 4299 1425 4349 7.
1479 4299 1534 4370 Η,

294 4386 358 4423 rum
388 4368 556 4431 invertitur,
589 4318 677 4422 ibrtes
706 4372 791 4422 erunt
821 4366 867 4437 qui
921 4366 1176 4435 1,254.11,2‚9s.
1211 4366 1330 4421 Festus:
1351 4370 1536 4426 »ocellum

297 4440 382 4495 semel
402 4439 479 4509 cepti
505 4438 679 4493 honestatem
704 4439 866 4493 emiserunt.
918 4438 1030 4503 bellum,
1057 4437 1188 4492 videlicet
1205 4436 1283 4507 qnod
1302 4436 1411 4492 duabus
1437 4456 1536 4509 par-

295 4542 328 4552 -
357 4515 466 4581 perfidis
484 4512 608 4580 credidit]
638 4508 715 4581 Egre
738 4510 762 4563 ‘e
791 4508 867 4563 inter
917 4510 993 4563 tibus
1011 4510 1177 4565 devictoris
1194 4508 1437 4565 contendentibus
1475 4514 1541 4568 ᾱὶ.

294 4598 324 4635 ss
342 4584 531 4651 opponuntur,
555 4584 589 4635 ut
607 4528 757 4653 Cermffi,
770 4584 865 4646 stne.
916 4581 1059 4635 micatus«
1101 4580 1147 4636 sic
1166 4586 1205 4635 ts's
1224 4596 1259 4635 ex
1279 4584 1348 4646 dots,
1374 4584 1479 4638 tenus
1511 4605 1534 4641 e
