3125 5225
263 276 328 343 518
703 273 1032 347 EPISTOLABUM

314 464 413 557 Non,
441 466 508 564 qui
534 464 694 541 Sidonio
721 463 953 541 contendere
977 462 1138 539 callidus
1164 474 1267 539 ostro

311 588 441 665 Nescit
465 586 701 689 Aquinatem
728 589 899 688 potantia
924 586 1070 665 vellera
1094 588 1239 681 fucum,
1323 636 1326 641 -

313 713 462 792 Certius
490 715 656 813 accipiet
682 714 866 790 damnum
890 713 1098 813 propiusve
1126 710 1317 809 medullis,

315 836 440 929 Quam
465 838 532 936 qui
557 863 636 912 non
661 838 803 936 poterit
827 863 917 914 vero
945 836 1183 935 distinguere
1207 835 1363 912 falsum.

261 994 287 1034 so
313 960 440 1053 Quem
463 985 524 1035 res
550 961 636 1060 plus
664 961 785 1036 nimio
813 960 1053 1038 delectarere
1078 958 1282 1055 secundae,

313 1088 481 1162 Mutatae
507 1087 689 1185 quatient.
727 1085 768 1163 si
795 1085 890 1186 quid
915 1085 1116 1181 mirabere,
1142 1109 1263 1183 pones

313 1209 481 1284 Invitus:
505 1211 599 1308 iuge
624 1235 786 1307 magna3
810 1208 903 1285 licet
926 1208 998 1284 sub
1023 1232 1195 1306 paupere
1221 1217 1321 1282 tecto

311 1335 433 1432 Reges
459 1346 495 1409 et
520 1359 655 1432 regum
681 1332 759 1408 vita
784 1358 1032 1432 praecurrere
1056 1333 1212 1408 amicos.

315 1460 460 1536 Cervus
485 1483 627 1556 equum
653 1483 788 1558 pugna
811 1457 949 1533 melior
975 1457 1243 1559 communibus
1269 1453 1399 1530 herbis

262 1613 288 1654 c
313 1581 496 1678 Pellebat,
526 1581 647 1658 donec
674 1584 803 1658 minor
828 1583 869 1659 in
897 1582 1106 1658 certamine
1131 1581 1250 1679 longo

314 1706 542 1805 Imploravit
568 1733 659 1806 opes
685 1707 850 1783 hominis
877 1708 1109 1807 frenumque
1133 1705 1298 1804 recepit3

316 1829 392 1906 Sed
420 1841 626 1930 postquam
652 1830 772 1906 victer
798 1830 945 1906 violens
970 1829 1143 1908 discessit
1169 1831 1218 1907 ab
1244 1828 1365 1924 hoste,

315 1955 402 2030 Non
431 1955 600 2054 equitem
621 1954 752 2049 dorsu,
776 1981 856 2029 non
881 1956 1037 2030 frenum
1059 1953 1212 2053 depulit
1237 1979 1316 2028 ore.

318 2079 382 2156 Sic
408 2079 474 2178 qui
499 2079 726 2176 pauperiem
751 2079 893 2154 veritus
919 2079 1071 2178 potiore
1099 2077 1266 2154 metallis

265 2233 291 2274 e
316 2203 512 2279 Libertate
539 2215 654 2296 caret,
680 2203 880 2279 dominum
905 2203 1018 2280 vehet
1041 2203 1240 2302 improbus
1266 2213 1385 2302 atqua

267 2350 404 2434 cruquius
430 2349 490 2474 ipse
517 2349 633 2420 recepit.
658 2379 689 2390 -
709 2353 768 2434 Noa
786 2349 842 2420 qut]
893 2349 1021 2406 iioerent
1068 2347 1156 2405 Panlo
1178 2351 1290 2404 mutata
1311 2346 1412 2436 fabula
1427 2351 1476 2402 est

267 2422 369 2491 Inc1p1t
387 2423 422 2476 ab
460 2437 588 2476 coversu
603 2423 693 2476 altera
710 2423 844 2493 eprstclaa
895 2421 971 2492 apud
988 2420 1146 2476 Phaedrum
1155 2419 1204 2485 lv,
1212 2424 1238 2475 t.
1254 2449 1289 2460 -—
1305 2417 1416 2487 usos]
1434 2417 1475 2473 de

266 2509 341 2563 pars,
372 2495 414 2547 ita
438 2497 471 2546 ut
492 2495 553 2547 tota
579 2493 608 2546 in
628 2494 697 2548 duas
714 2493 844 2562 aequales
894 2493 1070 2556 fortitudine,
1091 2488 1474 2560 utCsrm.1,16‚28.ffl,o,

267 2567 363 2691 partes
383 2562 533 2631 dividatur,
553 2581 619 2619 casu
636 2563 735 2635 magia,
755 2571 788 2620 ut
803 2564 844 2619 vi·
897 2567 938 2622 16.
956 2565 1014 2621 Sat
1024 2565 1059 2628 11,
1070 2567 1096 2633 b,
1108 2567 1150 2622 19.
1163 2591 1196 2602 -·
1209 2564 1285 2636 epea]
1305 2560 1347 2618 Do
1362 2560 1476 2633 plurali

287 2640 358 2701 etur,
388 2652 471 2705 quam
489 2636 615 2691 consilio.
664 2636 736 2691 Ruri
754 2637 845 2708 igitur
895 2633 1476 2715 of.carm.111,a,ae.up.11‚a,1ea;·in·

267 2707 328 2762 fieri
346 2710 443 2777 potest
459 2711 492 2761 ut
507 2709 706 2763 convenienter
727 2711 845 2762 naturae
895 2708 1001 2781 gulas-is
1019 2709 1072 2763 boo
1090 2724 1172 2762 sensu
1190 2705 1375 2777 frequentior.
1386 2709 1477 2758 -vs'·

267 2779 400 2844 vivamus,
417 2784 518 2833 natura
535 2784 629 2834 autem
645 2780 748 2847 ubique
764 2796 844 2833 suum
895 2794 955 2835 eser
973 2778 1087 2851 emtam]
1113 2778 1269 2848 Epitheton
1285 2780 1392 2833 uum
1406 2779 1477 2831 tan·
1556 2782 1557 2785 ’

268 2851 312 2905 ius
347 2850 481 2919 postulat,
519 2867 606 2977 quare
641 2851 748 2905 rustica
785 2850 845 2904 vita
895 2851 1211 2921 quammolestometsu
1247 2863 1477 2904 tractamu-

267 2921 374 2992 optima
393 2924 443 2976 est.
463 2920 523 2989 Quo
561 2929 593 2976 ut
611 2928 690 2976 recte
705 2922 845 2992 intelliga-
895 2923 1012 2977 turbare
1024 2927 1141 2977 conatus
1154 2924 1199 2977 ast
1233 2919 1478 2977 entleiusetsub·

267 2996 325 3057 tur¹
351 3008 465 3048 necesse
492 2998 536 3048 est
556 3010 655 3049 verum
677 2992 783 3048 aialso
802 2992 843 3046 di·
896 2994 1013 3049 stituero
1031 2997 1081 3048 aut
1101 2999 1171 3048 stete
1188 2996 1295 3061 sonim
1312 2994 1362 3044 aut
1381 2995 1476 3045 steen

268 3065 436 3135 atinguatur,
465 3080 500 3118 ne
525 3064 729 3119 beatitudinem
761 3080 844 3135 quae·
896 3067 1005 3119 domito.
1022 3064 1084 3119 Nou
1102 3064 1183 3128 bena,
1200 3063 1333 3147 quoniam
1349 3061 1404 3117 boo
1421 3062 1476 3117 ad-

268 3150 369 3201 ramus‚
398 3135 563 3191 servitutem
588 3136 790 3191 nanmscamur.
809 3164 844 3175 -
896 3136 1187 3191 iectivumexnatura
1195 3137 1335 3189 uotorum
1349 3133 1474 3203 petitum

270 3207 392 3276 assona]
414 3203 516 3274 Σιδών,
536 3208 661 3267 Σιδῶνος
677 3201 843 3271 ethericus,
895 3208 1010 3278 egregie
1036 3206 1172 3262 describit
1191 3222 1303 3275 equum,
1332 3204 1383 3274 qui
1404 3219 1474 3259 oum

268 3278 315 3332 lon
336 3295 353 3332 a
370 3281 464 3333 tamen
484 3300 498 3332 c
515 3278 612 3334 littera
629 3278 720 3348 magis
738 3280 845 3333 usitata
895 3296 1013 3348 magnus
1031 3278 1087 3333 sibi
1101 3278 1247 3333 videretur
1259 3277 1351 3331 victor
1362 3274 1475 3331 violan-

268 3349 298 3403 in
316 3295 438 3405 draecis.
457 3350 526 3405 lnde
542 3356 692 3419 utrumque
704 3349 779 3421 apud
791 3349 843 3405 La·
895 3351 1017 3418 tiamqua
1034 3350 1121 3405 animi
1137 3355 1168 3404 et
1182 3348 1346 3404 iactantiam
1358 3362 1428 3417 prae
1439 3364 1474 3403 so

268 3420 353 3483 tinus,
372 3420 502 3476 Sidonius
520 3423 550 3477 et
568 3420 706 3487 Sidonius,
736 3421 843 3491 praefe-
895 3422 991 3489 ferret,
999 3422 1103 3476 inscius
1113 3420 1318 3475 inservitutem
1329 3418 1477 3475 incident
1522 3477 1529 3489 ,

268 3493 423 3561 rabuntque
441 3496 541 3563 poetae
557 3498 651 3547 utrum
665 3498 740 3547 esset
750 3494 843 3563 aptius
895 3492 1024 3548 bominis.
1044 3492 1162 3562 Hauptii
1174 3491 1365 3546 coniecturam
1376 3493 1473 3545 stura·

270 3562 306 3617 ad
324 3566 452 3619 metrum.
469 3563 559 3633 Epod.
575 3567 615 3629 16,
626 3566 669 3619 59.
686 3564 736 3619 Vir
756 3564 844 3620 .A0n.
895 3580 948 3635 pro
965 3566 1067 3618 uetans
1107 3563 1218 3618 robavit
1235 3561 1400 3626 Meinekiun,
1425 3576 1476 3616 ro·

270 3632 389 3697 1V‚545.
414 3634 514 3698 xlae.
535 3662 568 3675 -·
587 3580 756 3704 contendes-05
782 3653 846 3690 cum
895 3635 972 3706 cepit
997 3652 1063 3690 oum
1137 3634 1200 3690 tleii
1225 3640 1297 3689 sicto
1323 3631 1474 3688 Lmkeruu.

271 3704 374 3767 dativo,
384 3705 401 3759 i.
409 3722 431 3760 e.
443 3722 606 3776 comparare
618 3710 647 3761 et
656 3707 845 3775 comparando
895 3706 1090 3761 Doederlinins
1109 3724 1135 3762 v.
1151 3709 1256 3760 etatem
1274 3704 1406 3759 ”aaut

270 3774 453 3846 distinguere.
469 3808 495 3817 -
512 3778 684 3847 Aquinatem]
705 3779 845 3847 »Aquinio
931 3777 965 3832 V.
976 3780 1019 3833 39.
1039 3782 1087 3834 sa
1098 3777 1155 3849 qai]
1173 3776 1282 3833 Eadem
1297 3776 1408 3830 ratione
1422 3774 1474 3845 qui

270 3848 845 3919 teapnrpurassimilessuntTyriis3mul·
896 3848 1046 3920 splendore
1069 3866 1234 3919 magnarum
1259 3864 1353 3903 mum
1368 3854 1473 3917 captans

270 3924 331 3973 tum
348 3914 416 3991 ergd
434 3919 472 3973 im
495 3920 561 3974 eriti
578 3920 740 3975 ialluntnr.‹
762 3922 845 3976 Acro.
896 3921 1105 3991 simplicitatem
1115 3918 1473 3989 naturaorpsmmutfere

273 4020 304 4031 -·
314 3936 564 4062 plusuiraicfvide
582 3990 617 4046 ad
636 3992 845 4057 Carm.1.83‚l.
896 3990 928 4046 fit
946 3992 981 4047 ab
1000 3989 1158 4046 bominibus
1175 4006 1339 4061 magnarum
1355 3990 1472 4044 urbium

273 4092 305 4102 -
327 4063 460 4132 quotient]
481 4062 515 4118 cf.
526 4063 615 4117 earm.
628 4062 677 4128 111,
686 4066 712 4127 3,
723 4067 847 4133 4.-ρο·
896 4062 1007 4118 divitias
1021 4062 1178 4118 etdelioies
1194 4061 1386 4128 laudantibus,
1401 4060 1472 4116 dum

272 4133 330 4205 aer]
351 4133 474 4204 depones
492 4138 521 4188 et
538 4135 654 4189 carebis.
686 4133 721 4190 ct.
742 4134 844 4200 Satll,
895 4138 1092 4205 paupertatem
1100 4133 1198 4202 quavis
1211 4134 1319 4188 ratione
1331 4132 1472 4202 malisque

271 4207 296 4269 3,
309 4205 486 4277 16.—-rsper]
498 4205 591 4261 Stoica
601 4205 670 4260 haec
680 4210 724 4260 est
734 4210 846 4261 senten·
896 4206 1005 4261 artibus
1034 4206 1147 4260 vincere
1174 4205 1278 4269 undet,
1306 4204 1472 4259 libertatem

271 4276 320 4343 tia,
332 4293 365 4331 ac
378 4276 494 4347 proprie
506 4277 662 4347 accipiendi
671 4282 738 4332 sunt
754 4294 845 4348 reges,
895 4277 982 4331 animi
997 4277 1093 4348 perdit
1103 4292 1291 4348 magnusque
1308 4275 1363 4331 sibi
1379 4275 1473 4345 impa-

270 4348 430 4419 uonmagni
440 4366 473 4403 ac
483 4352 613 4419 potentes
625 4348 753 4403 homiues
762 4348 843 4403 intel·
894 4350 937 4402 nit
946 4348 1097 4414 dominum,
1106 4365 1190 4417 quem
1203 4362 1347 4417 nunquam
1364 4345 1404 4401 ad
1413 4362 1473 4402 ma·

271 4418 384 4489 ligendi.
397 4450 426 4459 -
440 4418 628 4490 praecamur]
644 4418 702 4473 Sat.
710 4419 730 4484 Ι,
739 4423 764 4484 7,
772 4422 798 4474 8.
807 4448 841 4460 -
892 4419 956 4474 iora
965 4436 1075 4490 semper
1082 4418 1471 4489 tondeuspotaritsxcutars.

273 4492 372 4544 Gerous
393 4492 498 4558 equuus]
529 4490 573 4545 Ex
597 4490 692 4545 fabula
712 4492 842 4561 Aesopia,
894 4490 921 4545 Is
938 4495 1034 4545 atatem
1049 4491 1178 4547 domim
1195 4490 1257 4561 ipsa
1269 4488 1472 4546 memmim-

271 4575 327 4629 qua
336 4560 402 4616 olim
410 4560 586 4617 Stesichorus
595 4562 772 4617 Himerenses
783 4578 843 4617 mo·
892 4562 996 4633 inditas
1013 4568 1247 4631 catenarumque
1259 4576 1471 4633 masagou-

270 4630 333 4687 nuit
351 4648 387 4688 ne
407 4650 436 4688 se
450 4632 608 4689 Pbalaridis
617 4632 762 4704 tyrannidi
777 4634 842 4689 rub·
891 4634 991 4691 darum
1009 4639 1148 4707 perpetua
1162 4632 1260 4691 fames.
1279 4661 1314 4673 -
1330 4635 1471 4689 dam
