3125 5225
331 309 416 376 LIB.
438 307 501 373 III.
525 305 664 374 caan.
685 304 768 372 XII.
791 303 889 383 XIII.
1148 301 1207 368 197

126 502 241 597 Grege
265 525 396 575 cervos
422 495 580 573 iaculari
606 509 645 570 et
669 495 772 571 celer
797 507 880 570 arto
905 492 1117 570 latitantem

165 623 352 700 Fruticeto
376 622 553 721 excipere
577 646 724 720 aprum.

428 1083 629 1172 Osanna
659 1085 770 1170 XIII.

207 1257 240 1335 Ο
268 1259 356 1334 fons
380 1259 608 1355 Bandusiae,
634 1255 877 1356 splendidior
898 1256 1008 1352 vitro,

204 1383 318 1460 Dulci
340 1382 458 1482 digne
484 1407 606 1478 mero,
630 1409 708 1458 non
735 1382 819 1458 sine
844 1379 1002 1456 floribus
1084 1375 1096 1392 “

255 1509 350 1586 Cras
376 1507 580 1590 donaberis
607 1506 743 1601 haedo,

306 1633 379 1710 Oui
400 1634 510 1708 frons
534 1631 688 1730 turgida
712 1630 891 1730 cornibus

171 1800 339 1876 sPrimie
366 1813 404 1876 et
428 1825 608 1876 venerem
634 1811 671 1875 et
692 1799 842 1898 proelia
868 1796 1051 1890 destinat3

203 1925 377 1999 Frustra:
403 1950 494 1999 nam
520 1923 670 2022 gelidos
697 1921 842 1997 inficiet
867 1918 938 2020 tibi

44 2150 103 2208 lecito
118 2159 143 2208 et
158 2157 221 2226 quia
238 2168 303 2212 arto
328 2155 438 2211 lucilius
457 2153 530 2207 abitt
547 2151 579 2204 iu
628 2151 721 2220 Quare
739 2153 780 2207 sic
799 2152 900 2216 sentio,
919 2149 1060 2208 inSsbiuo
1076 2165 1127 2204 suo
1145 2147 1202 2202 Ho-

44 2228 82 2278 etto
99 2228 242 2283 scribarum
262 2227 312 2284 vel
334 2227 445 2284 incuria
466 2223 512 2280 vel
536 2222 577 2278 in·
627 2225 730 2278 ratium
746 2224 854 2278 iontem
863 2223 1053 2280 Bandusinum
1067 2219 1202 2276 cecinisse

45 2295 106 2360 siue,
128 2303 154 2354 rt
176 2301 239 2368 quia
256 2311 348 2354 estesse
373 2300 392 2353 i.
410 2314 434 2352 e.
456 2296 577 2368 spissum
627 2293 722 2365 ibique
740 2295 786 2349 vel
811 2293 934 2350 eiusdem
954 2292 1076 2349 nominis
1094 2291 1201 2347 iontem

44 2369 178 2424 arternum
194 2377 238 2426 est
254 2370 450 2442 praecedentis
460 2384 486 2424 v.
498 2385 577 2438 aper·
627 2365 767 2422 invenisse
788 2367 832 2420 rel
850 2382 953 2421 nemen
970 2383 987 2420 a
1004 2362 1103 2436 primis
1121 2363 1201 2418 annis

44 2450 85 2492 tu.
100 2442 128 2495 cf.
143 2442 219 2497 Hom.
239 2441 293 2497 Od.
313 2441 386 2510 XIX,
404 2444 465 2498 439.
477 2469 511 2479 -
530 2459 577 2493 sn-
627 2437 658 2492 in
668 2437 776 2492 deliciis
792 2437 920 2492 habitum
935 2435 1071 2492 fonticulo
1082 2434 1201 2504 cuidam,

44 2513 115 2580 τίρσι]
131 2515 159 2566 ut
175 2513 311 2586 δέχεσθαι
330 2519 494 2569 venatorum
512 2525 577 2581 pro·
627 2509 747 2564 tortasse
766 2509 924 2576 Dipentiae,
948 2507 1099 2562 memoriae
1117 2523 1201 2562 cauea

43 2581 105 2647 prim
125 2589 171 2639 est
221 2585 322 2643 Senes.
346 2585 381 2641 de
406 2582 519 2639 Provid.
545 2583 576 2636 δε
627 2579 770 2636 indidisse.
806 2559 879 2636 Huic
897 2577 986 2653 Igitur
997 2577 1102 2635 Sabioo
1118 2575 1199 2644 fonti,

45 2654 111 2708 »nobis
134 2657 275 2712 interdurn
298 2655 439 2728 voluptati
470 2660 521 2717 est,
552 2652 577 2706 si
627 2653 706 2708 cuius
724 2651 944 2707 amoenitatibus
969 2667 1052 2722 saepe
1077 2649 1199 2705 delecte·

43 2723 166 2783 :inteream
190 2728 348 2785 constantis
376 2728 461 2783 anirni
487 2726 576 2781 leram
627 2722 1033 2786 batur‚HoratiussacrificIum
1043 2721 1201 2791 Insequenti

43 2798 144 2855 vestuto
158 2800 298 2871 excepit«
628 2796 673 2879 dia
687 2796 868 2879 mactandum
885 2798 970 2865 atque
989 2798 1132 2879 aeternam
1151 2808 1201 2846 no·

169 2914 318 2969 nm
333 2910 424 2970 n„
625 2863 1200 3007 armelansia-itas

60 3006 236 3082 ⁴llsndusinnm
262 3009 369 3063 fontem
396 3006 518 3075 aliquem
537 3004 576 3059 VI
623 3010 801 3075 Fontanalia‚
821 3027 891 3079 quae
910 3014 991 3064 erant
1000 3006 1138 3063 Fontibus
1159 3006 1200 3061 di·

42 3076 219 3147 atlispaesuurn
234 3079 384 3135 aVenusia
394 3078 481 3133 situm
489 3076 575 3131 fuisse
625 3086 690 3136 cata
707 3080 755 3135 111.
766 3080 807 3136 Id.
819 3082 942 3147 Octobr„
962 3096 1017 3151 quo
1037 3080 1084 3135 die
1104 3083 1133 3132 et
1153 3094 1199 3133 co·

40 3162 79 3200 un
93 3156 178 3219 petest
193 3170 228 3207 ex
251 3152 362 3209 mediae
378 3149 480 3205 aetatis
500 3149 575 3218 (anni
625 3170 711 3208 ronse
724 3152 753 3206 in
770 3153 863 3208 sontes
881 3152 981 3208 coniici
1010 3154 1039 3205 et
1056 3149 1136 3221 putei
1153 3168 1199 3205 co-

41 3220 93 3294 ,lllssl
114 3223 294 3287 (lomento,
327 3222 497 3277 txffllemnt
526 3221 576 3291 qui
625 3224 721 3281 ronari
738 3226 873 3280 solebant.
917 3222 988 3277 Nam
1012 3222 1087 3293 quod
1111 3222 1199 3275 tertia

42 3302 74 3342 ae
96 3310 199 3350 carmen
225 3297 264 3351 ab
282 3294 399 3349 Horatio
428 3293 484 3347 iter
510 3309 575 3347 cum
625 3296 741 3366 stropha
759 3308 851 3351 aestas
872 3295 1013 3350 indicatur
1038 3310 1070 3349 ee
1094 3293 1200 3348 descri-

39 3356 161 3437 Μυκη
176 3368 207 3421 iu
225 3367 390 3421 interiorem
407 3363 518 3420 lteIIam
534 3364 575 3418 Ia·
625 3368 712 3430 bitur,
735 3366 767 3423 it
792 3366 862 3423 nihil
891 3364 1020 3439 impedit,
1050 3366 1198 3435 quominus

40 3443 100 3511 esua
120 3438 294 3508 natalemque
318 3454 418 3509 agrum
435 3436 575 3491 revisente
624 3443 777 3494 auctumno
808 3455 920 3493 carmen
950 3436 1087 3507 scriptum
1117 3440 1199 3506 puts·

41 3510 137 3573 tndem
152 3526 215 3565 esse
229 3512 373 3579 putarent
409 3508 443 3561 ln
461 3524 516 3577 qua
531 3512 575 3561 ta-
623 3527 693 3565 mus.
711 3510 830 3565 Aestate
843 3508 962 3565 maxims
971 3508 1101 3573 sentitur,
1114 3526 1197 3578 quam

39 3588 78 3626 Μ
91 3596 116 3632 re
137 3581 204 3637 baec
227 3582 320 3636 oritur
340 3579 480 3649 quaestio,
507 3596 575 3634 num
624 3587 723 3665 pratus
748 3582 787 3635 sit
812 3582 873 3636 lons
897 3582 945 3635 ille
972 3578 1104 3651 frigidum
1131 3580 1198 3635 inde

40 3648 301 3721 coattestantur,
329 3650 478 3705 Horatium
506 3666 574 3721 pue·
624 3654 714 3724 igitur
733 3653 795 3707 eius
815 3652 894 3723 quasi
914 3652 1004 3706 virtus
1022 3650 1147 3706 sumitur.

40 3718 185 3779 ruforum
205 3742 224 3778 a
239 3724 362 3779 Venusia
381 3726 463 3777 teuto
481 3721 574 3791 spatio
658 3724 725 3779 v.1.
761 3724 845 3848 citro?
872 3722 906 3778 cs.
930 3723 1020 3779 Carm.
1045 3720 1091 3787 IV,
1111 3724 1142 3786 2,
1172 3726 1196 3777 e.

39 3798 139 3846 motum
147 3800 294 3866 tantopere
304 3795 456 3857 adamasse,
465 3798 499 3848 ut
510 3810 573 3848 cum
624 3794 916 3867 vng.A0n.V1,7ss.
934 3792 1094 3863 Insequenti
1113 3810 1196 3848 versu

39 3860 103 3915 ‘sultis
125 3867 202 3921 aunis
226 3870 294 3937 post
312 3864 452 3920 Venusiae
467 3882 572 3937 paucos
623 3869 694 3923 duae
712 3884 758 3922 res
777 3866 979 3939 significantur,
989 3864 1048 3919 vini
1057 3864 1157 3919 libatio
1168 3872 1197 3921 et

38 3943 87 3985 cau
100 3934 154 3991 dies
169 3943 337 4002 moraretur,
349 3954 414 3991 eum
426 3944 487 3991 tum
505 3953 574 4006 quo·
622 3938 722 3993 florum
740 3939 863 4009 sparsi03
882 3954 973 4005 neque
986 3934 1055 3991 dicit
1061 3936 1195 3993 Horatius

39 4016 72 4084 pe
92 4013 233 4073 quaereret
254 4009 426 4080 proprieque
450 4006 572 4063 carmine
622 4010 707 4065 ientis
726 4028 826 4079 aquam
847 4009 960 4079 dignam
982 4024 1042 4062 esse
1071 4024 1141 4077 quae
1166 4008 1195 4063 in

38 4074 162 4150 ῗωὺηηὶ.
209 4081 290 4148 Quod
310 4080 422 4151 quidem
441 4096 493 4150 ego
513 4096 572 4133 non
621 4082 730 4153 poculis
757 4098 836 4137 mero
861 4079 1045 4136 admisceatur
1067 4078 1196 4134 floribus-

38 4144 106 4201 2²bite
121 4168 230 4222 negare
275 4151 385 4206 Deinde
403 4148 570 4205 sacnficium
619 4169 673 4223 que
690 4156 850 4208 coronetur.
871 4180 904 4192 —
921 4158 999 4221 [ross
1018 4162 1088 4221 turp.
1107 4152 1193 4224 cern]

38 4216 88 4276 'etl
100 4222 268 4286 promittitur
285 4228 319 4277 ut
330 4222 450 4277 alienum
459 4222 571 4277 videtur
619 4226 649 4279 in
667 4242 723 4295 qua
740 4224 830 4295 prims
851 4238 956 4278 cornua
973 4226 1134 4293 turgescere
1153 4222 1196 4276 in·

39 4283 60 4336 *b
73 4286 165 4347 homine
185 4293 430 4359 amrmemus
447 4294 570 4348 cumfri-
618 4297 735 4367 cipiunt.
784 4296 913 4350 Cetemm
932 4292 992 4348 noli
1009 4293 1115 4356 mirari,
1144 4311 1195 4348 our

39 4370 90 4414 nse
105 4378 161 4417 cum
178 4382 290 4434 pecore,
311 4380 375 4419 cum
391 4366 461 4420 bore
472 4369 570 4420 etsta
619 4368 730 4438 lougius
750 4366 916 4421 immoratus
935 4366 973 4421 sit
991 4368 1075 4435 posta
1090 4365 1121 4418 in
1147 4366 1194 4421 de·

38 4436 68 4477 '³¹³
81 4435 192 4489 euntis
207 4435 357 4491 Horatium
373 4453 429 4489 non
444 4439 569 4508 peregri-
620 4438 767 4494 scribenda
792 4437 875 4493 haedi
900 4440 1015 4505 natura3
1042 4438 1125 4507 grata
1150 4442 1194 4491 est

40 4509 118 4581 ”tem
139 4506 187 4560 sed
210 4507 289 4561 demi
308 4524 372 4561 suae
390 4507 569 4573 habitantem,
618 4511 692 4567 enim
710 4512 739 4565 in
758 4508 958 4579 componendis
970 4508 1108 4562 eiusmodi
1125 4508 1193 4565 ima·

40 4583 110 4627 esan
132 4578 221 4632 alieno
247 4577 301 4633 sed
326 4576 357 4631 in
374 4596 424 4632 suo
442 4596 511 4649 agro
529 4582 570 4635 ri·
619 4583 731 4654 pinibus
755 4580 867 4637 Horatii
899 4578 1036 4649 quaedam
1069 4578 1192 4648 ubertas,

39 4647 116 4697 'sstem
140 4650 253 4719 suisque
282 4648 370 4703 rebus
395 4652 569 4720 gaudentem.
619 4654 698 4709 cuius
715 4653 771 4710 alia
790 4658 820 4709 et
843 4652 983 4707 simillime
1006 4652 1072 4707 sunt
1100 4668 1192 4708 exem-
