3125 5225
799 262 990 333 EPODON

453 488 478 527 a
498 453 552 529 At
578 456 755 555 expedita
780 456 931 557 Sagana
955 484 1026 556 per
1053 472 1173 535 totam
1200 456 1355 533 domum

592 581 785 681 Spargens
808 582 1021 661 Avernales
1046 611 1166 685 aquas

495 704 640 781 Horres
664 707 812 804 capillis
838 722 880 783 ui
905 711 1075 785 marinus
1102 710 1245 809 asperis

593 831 757 907 Echinus
779 846 846 907 aut
859 858 1026 943 ‘currens
1052 860 1156 933 aper.

495 953 642 1030 abacta
666 956 772 1031 nulla
798 956 895 1033 Veia
920 960 1152 1035 conscientia

454 1113 481 1153 so
597 1079 807 1178 Ligonibus
835 1081 939 1157 duris
965 1083 1124 1159 humum

493 1203 749 1281 Exhauriebat
772 1207 970 1307 ingemens
996 1208 1207 1301 laboribus,

594 1328 680 1421 Quo
707 1346 835 1428 posset
858 1334 1024 1408 infossus
1049 1358 1145 1431 puer

492 1452 628 1552 Longo
655 1454 719 1530 die
744 1457 801 1532 bis
826 1470 962 1557 terque
987 1471 1154 1535 mutatae
1180 1459 1288 1556 dapis

590 1580 760 1656 lnemori
786 1582 1013 1680 spectaculo,

450 1731 475 1769 a
494 1703 592 1780 Cum
616 1705 851 1801 promineret
875 1732 941 1783 ore
964 1719 1147 1806 quantum
1168 1717 1315 1783 exstant
1337 1732 1441 1806 aqua

589 1828 782 1927 Suspensa
806 1844 935 1907 mento
963 1856 1141 1931 corpora:

487 1952 650 2028 Exsucta
675 1954 730 2028 uti
755 1955 926 2031 medulla
952 1968 989 2032 et
1014 1957 1165 2032 aridum
1191 1957 1295 2033 iecur

593 2077 749 2155 Amoris
775 2093 873 2157 esset
896 2081 1089 2180 poculum,
1223 2088 1229 2097 “

488 2203 740 2279 Interminato
774 2232 861 2279 oum
886 2206 1004 2282 semel
1029 2207 1126 2283 fixas
1153 2207 1238 2283 cibo

447 2360 471 2397 a
587 2328 846 2406 Intabuissent
870 2330 1049 2429 pupulas.

488 2451 577 2526 Non
603 2453 771 2530 defuisse
797 2454 988 2531 masculae
1012 2456 1185 2533 libidinis

592 2576 877 2657 Ariminensem
902 2580 1051 2657 Foliam

487 2707 535 2779 Et
560 2705 681 2779 otiosa
705 2705 872 2810 credidis
897 2706 1077 2806 Neapolis

587 2831 636 2906 Et
665 2855 779 2904 omne
802 2831 969 2907 vicinum
995 2831 1193 2932 oppidum,

292 3039 381 3108 ciuica,
407 3043 512 3100 additis
532 3042 691 3098 infelicibus
717 3041 813 3114 lignis.
831 3071 864 3082 -
913 3045 995 3097 natus
1014 3059 1085 3106 sum,
1103 3041 1138 3096 ns'
1154 3041 1290 3098 faceres«
1311 3071 1345 3080 —
1364 3061 1423 3098 eun
1447 3062 1498 3098 ss·

291 3113 413 3184 Scyros]
438 3115 516 3172 Haec
533 3113 665 3170 canidiae
688 3115 764 3168 socia
790 3129 865 3167 com·
914 3116 978 3180 sisi]
1019 3113 1103 3168 simul
1127 3131 1169 3169 sa
1201 3113 1258 3168 Sat.
1280 3112 1316 3178 11,
1339 3115 1425 3178 aas.
1458 3144 1497 3154 -

290 3190 463 3242 memoratur
492 3187 577 3241 eiiam
604 3187 662 3241 Sub.
681 3185 701 3250 l,
721 3188 746 3251 8,
767 3189 809 3239 25.
829 3215 863 3226 -
915 3189 1003 3239 otiosa
1014 3185 1152 3256 Neapolis]
1171 3185 1298 3240 Fuerunt
1314 3184 1364 3254 qui
1379 3201 1414 3240 ex
1434 3184 1502 3241 hoc

291 3259 442 3314 Auernales
462 3258 559 3330 aquas]
576 3256 654 3327 Virg.
664 3256 734 3310 Aen.
744 3257 791 3321 IV,
803 3259 863 3312 bia.
913 3257 1025 3310 nomino
1050 3255 1249 3312 concluderent
1277 3271 1386 3311 scenam
1403 3255 1503 3312 huius

290 3329 589 3455 aliisallis?
607 3332 863 3469 {aliialii
912 3327 1227 3454 illibabilis
1245 3327 1285 3454 ll
1298 3343 1502 3454 a'la'a:

290 3469 330 3522 bis
347 3469 418 3523 iram
436 3470 584 3526 denuntiat
602 3469 711 3525 hirtis«
763 3470 864 3541 Super·
913 3469 989 3523 nidis
1001 3469 1107 3524 Romae
1119 3469 1191 3524 vixit
1211 3470 1305 3540 ibique
1322 3470 1413 3524 scelus
1432 3470 1502 3526 hoc

289 3542 529 3613 racunsaeigiiur
541 3543 720 3597 coniecturae
734 3545 862 3607 lucrm,
912 3539 1049 3596 nefarium
1075 3541 1270 3596 committitur.
1317 3541 1503 3598 Nominum

288 3631 379 3675 meas,
398 3626 515 3668 certum.
912 3615 1006 3667 auium
1035 3611 1175 3682 Neapolis,
1215 3617 1244 3668 si
1277 3613 1342 3682 quis
1370 3612 1506 3668 Canidia

324 3680 358 3735 V.
369 3685 412 3738 30.
434 3684 551 3755 inmun]
580 3684 611 3736 in
636 3681 737 3737 domus
763 3679 863 3750 implu-
912 3683 1098 3752 Neapolitana
1116 3683 1169 3738 luit
1187 3688 1216 3738 sb
1253 3683 1300 3737 uis
1317 3683 1408 3738 otiosa
1433 3685 1505 3739 fuit

289 3753 344 3817 vio,
362 3757 396 3808 ub
412 3753 534 3815 videtur.
555 3783 584 3792 —
603 3757 642 3807 bis
661 3752 764 3824 torque]
790 3751 863 3807 Male
913 3755 981 3808 urbs
1016 3755 1107 3823 (ovis
1125 3755 1193 3809 Mes.
1212 3701 1271 3820 XN,
1289 3758 1341 3810 711
1362 3753 1407 3808 ›in
1426 3756 1505 3812 obis

289 3823 358 3879 olim
382 3829 421 3880 iis
443 3840 529 3895 serm
558 3843 623 3879 nam
645 3827 685 3878 bis
711 3836 801 3894 seruus
828 3824 864 3877 si·
913 3830 1007 3881 natam
1034 3825 1269 3896 Parthenopam),
1301 3825 1381 3880 cuins
1409 3825 1506 3882 inco-

288 3893 404 3968 gnifioai
431 3903 549 3969 saepius,
579 3901 618 3951 bis
647 3908 719 3951 saus
740 3900 784 3949 est
812 3913 863 3966 pro
913 3896 966 3961 las,
991 3897 1089 3952 talium
1108 3914 1202 3952 rerum
1226 3893 1329 3968 cupidi,
1357 3912 1506 3952 rumores

289 3988 364 4023 raro.
387 3998 418 4008 -
437 3974 552 4024 inemori
597 3966 660 4021 vide
678 3967 713 4020 ad
732 3967 822 4020 Curru.
842 3965 863 4032 1,
913 3966 981 4022 illuc
1006 3985 1114 4038 quoque
1142 3969 1242 4023 allatos
1260 3967 1341 4024 aride
1359 3967 1506 4038 arripue-

290 4041 318 4106 b,
340 4041 365 4094 8.
383 4070 419 4079 -
437 4052 548 4095 ascesa
588 4038 711 4094 Probata
735 4037 805 4091 haec
825 4037 863 4092 le·
913 4043 987 4092 runi.
1036 4039 1096 4095 Liv.
1115 4037 1189 4106 vin,
1209 4043 1253 4093 22.
1299 4039 1357 4093 Alii
1372 4055 1507 4096 uersum

289 4110 348 4166 ctio
367 4115 412 4166 esi
426 4112 507 4166 bonis
522 4109 665 4164 codicibus
682 4113 712 4163 et
730 4108 863 4177 antiquis·
912 4111 947 4164 43
970 4109 1006 4165 ad
1023 4111 1110 4164 solam
1132 4113 1234 4166 Foliam
1259 4110 1365 4166 referre
1382 4111 1509 4168 malua

292 4181 428 4237 simorum
455 4181 571 4250 Oruquii
606 4177 734 4234 codicum
770 4180 864 4250 glossa
913 4185 989 4239 runi.
1009 4198 1091 4251 quam
1108 4181 1288 4252 suspicantur
1296 4179 1416 4250 Neapoli
1438 4199 1509 4240 no·

292 4265 426 4310 alsacia.
475 4252 508 4307 In
537 4251 599 4306 aliis
628 4265 743 4317 sausoio,
772 4271 861 4315 caesa,
912 4257 970 4306 bam
995 4251 1080 4307 fuisse
1103 4251 1149 4307 vel
1172 4253 1213 4307 ibi
1235 4251 1376 4308 habitasse
1401 4253 1511 4323 alque

289 4324 398 4380 similia
442 4323 478 4381 cl.
495 4323 616 4379 Iuvenal.
636 4325 662 4386 8,
681 4326 731 4378 9οτ
779 4321 866 4377 »Ossa
913 4323 1063 4378 sCanidiu
1079 4323 1109 4378 in
1129 4323 1262 4378 auxilium
1280 4323 1397 4378 Romam
1424 4339 1514 4382 eune

279 4395 366 4450 rides
384 4413 483 4468 rogum
501 4396 596 4450 vacuis
616 4399 732 4448 exsucta
758 4393 863 4447 madul-
913 4394 1084 4450 arcessitum.
1139 4395 1237 4464 Neque
1264 4393 1356 4449 minus
1387 4411 1512 4453 artua

291 4466 350 4519 lia«
371 4497 403 4507 —
425 4468 612 4532 inseminata!
632 4464 794 4532 interdicto,
818 4480 863 4518 ve·
912 4465 1044 4521 videntur
1063 4466 1110 4536 qui
1129 4465 1274 4521 Canidiam
1293 4466 1361 4520 clim
1377 4466 1412 4522 ub
1429 4466 1514 4524 Ho-

289 4537 362 4604 tibo;
378 4537 490 4606 passiva
506 4537 530 4592 si
569 4535 711 4592 ificabione
750 4535 863 4590 osiium.
912 4538 985 4592 ratio
1016 4541 1136 4593 amcam
1167 4537 1291 4592 uadunt.
1340 4535 1511 4607 umquam

290 4604 404 4661 Terent.
424 4608 512 4664 Andr.
572 4611 732 4675 ‚a,16:-»
768 4607 863 4662 bermi-
911 4609 985 4666 enim
1013 4609 1115 4666 amoris
1142 4607 1302 4682 ratigisii
1330 4637 1365 4650 -·
1383 4629 1509 4668 man·
