3125 5225
261 265 325 331 404
674 303 676 307 ·
722 264 996 335 SATIRARUM

312 454 546 531 Haerentem
573 453 690 550 capiti
716 444 801 528 cum
830 451 951 527 multa
976 451 1090 527 laude
1117 478 1310 529 coronam.

260 612 285 653 so
311 578 365 655 At
392 580 470 655 dixi
495 579 616 655 fluere
641 578 745 654 hunc
765 578 1010 676 lutulentum,
1038 604 1153 677 saepe
1178 580 1364 654 ferentem

308 704 426 780 Plura
451 703 607 803 quidem
633 702 806 779 tollenda
829 702 1103 803 relinquendis.
1154 701 1254 803 Age,
1281 726 1437 803 quaeso,

308 829 367 904 Tu
393 827 490 903 nihil
515 828 555 901 in
582 852 724 926 magno
752 827 886 903 doctus
916 826 1166 925 reprehendis
1191 826 1389 904 Homero?

308 952 371 1028 Nil
397 952 514 1027 comis
539 953 674 1049 tragici
699 964 823 1026 mutat
847 952 1017 1028 Lucilius
1044 952 1153 1027 Atti?

310 1077 398 1153 Non
423 1076 523 1153 ridet
547 1102 679 1153 versus
704 1078 803 1152 Enni
831 1078 1016 1176 gravitate
1041 1078 1218 1173 minores,

247 1186 284 1274 'ss
309 1203 409 1280 Cum
432 1200 481 1278 de
502 1228 544 1278 se
569 1201 740 1301 loquitur
765 1228 844 1277 non
870 1215 912 1277 ut
938 1204 1084 1279 maiole
1108 1202 1327 1301 repressis?

310 1327 414 1421 Quid
440 1339 543 1403 vetat
569 1340 606 1403 et
634 1339 783 1403 nosmet
807 1327 934 1403 Lucili
961 1328 1105 1425 scripta
1126 1326 1298 1425 legentes
1390 1378 1392 1382 .

287 1451 515 1550 «Quaerere,
542 1480 636 1529 num
661 1454 775 1550 illius,
804 1480 897 1529 num
923 1478 1052 1530 rerum
1079 1452 1176 1527 dura
1202 1450 1351 1547 negarit

308 1578 531 1654 Versiculos
556 1591 692 1655 natura
716 1578 839 1677 magis
865 1580 985 1653 factos
1015 1592 1052 1654 et
1079 1590 1209 1653 euntes
1257 1586 1265 1597 ”

309 1702 464 1778 Mollius
490 1730 535 1780 ac
559 1705 699 1804 siquis
724 1704 890 1804 pedibus
917 1703 1010 1802 quid
1037 1702 1216 1779 claudere
1242 1701 1353 1797 senis,

168 1826 174 1835 '
260 1859 287 1896 o
310 1826 398 1902 Hoc
423 1840 570 1903 tantum
596 1842 804 1926 contentus,
832 1843 933 1905 amet
955 1829 1150 1925 scripsisse
1177 1827 1361 1903 ducentos

310 1952 412 2029 Ante
437 1952 566 2028 cibum
590 1975 733 2047 versus,
759 1950 921 2025 totidem
946 1962 1146 2044 coenatus,
1173 1948 1321 2024 Etrusci

313 2075 436 2168 Quale
461 2076 536 2151 fuit
564 2077 672 2155 Cassi
696 2074 834 2174 rapido
861 2075 1072 2151 ferventius
1098 2074 1204 2151 amni
1363 2154 1366 2159 ,

308 2201 524 2301 Ingenium,
552 2201 673 2299 capsis
700 2226 815 2301 quem
840 2201 945 2276 fama
971 2213 1026 2276 est
1053 2226 1134 2276 esse
1161 2199 1348 2299 librisque

311 2327 543 2403 Ambustum
566 2326 744 2425 propriis.
792 2325 924 2402 Fuerit
949 2325 1129 2422 Lucilius,
1156 2325 1326 2425 inquam,

265 2540 581 2682 ututtfbli,
595 2558 714 2684 ‘bii
730 2542 838 2685 titt:
887 2553 1219 2669 iustitium
1233 2558 1468 2686 titillet

264 2719 296 2728 -
321 2691 456 2754 rotundat
475 2686 635 2742 recidenda
660 2687 695 2742 ci.
711 2687 768 2742 Set
778 2686 801 2752 1,
810 2691 837 2754 4,
887 2685 1037 2740 mmmodc
1055 2685 1198 2740 abundare
1210 2684 1327 2740 etinfin.
1334 2690 1466 2742 claudere

265 2763 307 2814 ll.
336 2787 372 2800 ·-
397 2761 503 2826 imese]
523 2759 629 2813 ironice
649 2758 782 2827 positum.
803 2787 835 2798 -
887 2757 923 2811 sb
940 2755 1322 2827 edi.ccctcetussuspensum
1339 2774 1402 2814 esse
1420 2757 1467 2812 in·

266 2833 361 2898 costis]
385 2829 521 2899 Lucilius,
538 2829 590 2885 cir.
610 2831 690 2884 cto.
709 2859 742 2870 -
765 2829 836 2900 Atti]
886 2827 1038 2883 tollereris.
1063 2826 1151 2882 Simul
1169 2845 1235 2884 voro
1252 2829 1339 2896 udos,
1357 2833 1468 2899 quante

264 2901 297 2956 L.
314 2902 410 2957 Attius
428 2904 512 2956 notus
530 2917 554 2954 a.
573 2915 600 2954 u.
613 2902 707 2968 cust,
725 2904 838 2970 trcgoo·
886 2899 929 2954 his
947 2899 1051 2954 additis
1077 2898 1197 2954 socedat
1216 2900 1259 2955 vis
1277 2900 1371 2956 verbis
1388 2905 1467 2974 pcdi-

264 2971 374 3028 disrom
388 2972 580 3028 nobilissimus
598 2972 728 3041 scriptor.
746 2971 838 3040 Epist.
887 2975 934 3025 tes
958 2975 1022 3041 quid
1046 2973 1173 3026 claudere
1202 2978 1289 3040 κεδας
1318 2987 1383 3027 nm
1408 2971 1467 3028 hcc

264 3045 300 3110 ΙΙ,
314 3047 389 3112 1,56.
407 3044 451 3098 De
461 3043 555 3098 Ennio
574 3040 837 3108 vidcsteranV,
887 3041 1000 3112 quidem
1023 3041 1169 3096 minimum
1195 3046 1241 3098 est
1264 3044 1340 3113 quod
1362 3059 1467 3100 curere

264 3119 291 3181 8,
303 3119 392 3172 20.-
402 3121 539 3188 pravitate
556 3115 685 3185 minores]
697 3113 838 3170 Εηηὶἆπὸ
887 3113 990 3168 debeat
1008 3118 1100 3183 pcata.
1113 3143 1146 3154 ·-·
1157 3134 1191 3169 cc
1208 3115 1245 3186 si]
1257 3115 1277 3168 i.
1284 3132 1309 3169 e.
1327 3131 1411 3185 qoem
1429 3115 1466 3170 si.

264 3189 359 3244 κανοῦ
382 3186 519 3258 positum3
546 3185 622 3240 ridet
645 3188 720 3241 enim
742 3201 839 3242 versus
888 3183 923 3240 ci.
943 3183 1001 3239 Set.
1020 3185 1041 3250 Ι,
1061 3189 1088 3246 2,
1109 3188 1152 3241 21.

265 3259 359 3323 Ennii,
390 3259 439 3327 qni
463 3258 584 3312 minores
606 3258 624 3310 i.
644 3273 667 3312 c.
687 3256 839 3313 debiliores
922 3255 1010 3311 lor.
1029 3263 1139 3312 Etrusci
1156 3260 1236 3312 Cassi
1266 3258 1399 3313 Diversus
1416 3257 1468 3312 bic

264 3335 331 3386 sunt
355 3347 438 3399 quam
462 3327 549 3382 Ennii
575 3329 700 3398 maritas
728 3329 840 3384 ridetur
887 3327 1017 3382 edessio
1035 3327 1187 3383 Parmensi
1282 3327 1466 3398 ist1,4‚tt.

264 3402 419 3472 postulare.
438 3428 473 3440 ·-
495 3404 600 3454 miore
617 3400 766 3471 reprensis]
784 3399 841 3454 Lu·
887 3397 940 3453 Hic
960 3399 1047 3470 igitur
1064 3399 1200 3454 unumne
1226 3399 1369 3470 pomuli}
1395 3401 1466 3456 scri·

263 3473 344 3528 cilius
367 3473 421 3527 etsi
444 3472 476 3525 in
502 3469 584 3524 Attio
609 3473 639 3526 et
655 3470 749 3526 Ennio
766 3487 838 3540 quse
886 3470 953 3540 psit,
971 3471 1013 3524 iic
1032 3473 1064 3525 ut
1079 3469 1263 3526 festinatione
1281 3487 1371 3542 prope
1382 3470 1479 3527 eme:

263 3545 319 3599 sibi
349 3559 407 3597 non
434 3543 579 3612 placerent
606 3542 838 3612 reprehendebat,
888 3545 990 3596 sceret.
1036 3541 1095 3596 ism
1118 3558 1183 3598 corn
1206 3543 1303 3598 nescio
1321 3559 1376 3612 qno
1389 3559 1466 3598 essu

202 3679 205 3684 Ι
263 3620 358 3669 temen
375 3629 406 3668 se
422 3613 599 3683 reprehensis
622 3615 757 3669 maiorem
779 3631 838 3668 non
886 3630 932 3666 rna
972 3630 989 3668 a
1017 3613 1077 3667 eius
1102 3614 1238 3668 librorum
1256 3619 1286 3668 ct
1302 3614 1467 3669 chertsrum

263 3683 448 3758 gloriebatur.
467 3684 545 3740 Idem
562 3682 651 3756 igitur
669 3685 705 3739 dc
723 3701 754 3740 se
770 3702 839 3754 qno·
887 3701 934 3738 mo
946 3683 1038 3739 utudo
1062 3685 1182 3738 flammis
1201 3686 1399 3755 corriperetur,
1429 3691 1467 3740 ut

262 3773 317 3827 que
333 3755 513 3810 indicendum
531 3755 763 3810 eitiloratios.-
775 3777 839 3811 nem
887 3757 948 3826 ipse
971 3755 1096 3825 undique
1112 3755 1194 3811 libris
1212 3759 1243 3812 et
1260 3757 1325 3827 igne
1342 3756 1467 3812 circum

262 3827 353 3898 illics]
375 3826 436 3882 Hoc
452 3827 605 3897 queantur,
624 3831 723 3882 utrum
740 3827 839 3882 cormi-
887 3831 986 3882 ventus
1003 3828 1091 3882 vitem
1114 3842 1198 3898 segre
1215 3831 1350 3894 cavaret,
1377 3827 1465 3882 mele·

262 3899 307 3954 nis
325 3915 361 3952 sn
381 3897 485 3953 Lucilii
507 3902 610 3952 nature
627 3897 735 3954 iactum
751 3899 790 3952 sit
809 3902 840 3953 ut
888 3897 945 3953 voli
976 3897 1090 3967 qnidam
1118 3897 1260 3955 derisores
1286 3900 1380 3970 ipsum
1408 3913 1464 3953 sco

262 3971 417 4026 versiculos
433 3972 492 4024 tem
512 3969 600 4024 duros
616 3985 770 4040 parumque
791 3987 840 4040 pc·
890 3967 1001 4024 iervore
1019 3969 1107 4026 libros
1125 3969 1283 4026 incendisse
1298 3971 1406 4026 orbus
1421 3969 1466 4025 ur·

260 4044 329 4098 litos
345 4040 455 4098 iecerit.
495 4041 574 4096 Inter
597 4057 629 4095 se
657 4047 840 4111 opponuntur
888 4039 1046 4096 firmabant.
1093 4040 1123 4095 Si
1146 4043 1293 4112 panciores
1316 4042 1378 4097 eins
1394 4041 1465 4098 tuis·

262 4113 335 4169 dccc
352 4113 509 4183 particulae
528 4130 606 4182 ως
632 4129 723 4182 neque
745 4113 775 4167 in
803 4113 838 4168 iis
888 4115 952 4167 sent
972 4111 1046 4177 libri,
1075 4111 1144 4166 nibil
1167 4113 1234 4169 inda
1258 4113 1362 4169 acm
1386 4117 1466 4170 esset

263 4182 839 4312 circissarius-‘reis
888 4183 1210 4310 aclibus
1228 4183 1465 4312 rurus?

264 4273 433 4398 simpliciter
450 4272 559 4382 dicegrdt
577 4330 726 4381 versiculos
746 4340 838 4383 centes
888 4343 970 4396 quem
994 4343 1054 4380 rem
1078 4271 1233 4398 181,μῆὰὲ
1254 4332 1386 4398 apertum
1408 4333 1464 4384 ssi.

261 4403 460 4474 ssclls'sssquoss
468 4398 624 4463 cacabum
637 4403 749 4468 perlem
759 4419 839 4470 μου
887 4397 962 4452 Illud
987 4401 1081 4453 eutem
1108 4398 1184 4468 quod
1208 4398 1382 4454 Scholiusiu
1403 4403 1464 4454 irs·

263 4491 328 4525 ecce
345 4469 431 4525 simili
448 4469 559 4525 ratione
581 4467 712 4525 dilstsvit
735 4485 769 4525 sc
791 4470 839 4524 de·
887 4469 968 4532 dunt,
998 4470 1093 4524 Cassio
1110 4475 1223 4525 mortno
1244 4469 1403 4526 decmdsse
1420 4485 1464 4525 se·

263 4541 380 4610 scripsit
398 4559 455 4610 qua
470 4541 527 4596 Set.
544 4541 567 4604 1,
584 4546 612 4608 4,
630 4544 657 4597 e.
691 4541 751 4596 iem
768 4541 840 4596 nihil
887 4544 992 4604 natum,
1014 4545 1047 4596 ut
1063 4541 1130 4596 libri
1151 4557 1214 4597 cnm
1232 4541 1370 4598 cadevera
1387 4557 1462 4597 cem·

263 4611 390 4667 offendes
409 4613 440 4665 in
453 4612 507 4667 boc
524 4613 596 4678 loco,
616 4629 680 4670 cnm
694 4614 839 4670 verbeloc
887 4613 1065 4678 burersntur,
1091 4612 1241 4670 ridiculum
1266 4619 1314 4669 est
1335 4613 1461 4683 ipsonsm

1491 4095 1498 4126 l
