3125 5225
723 304 726 311 .
748 242 1001 313 GARlssllUli

474 434 622 512 Cuncta
647 430 803 509 festinat
825 456 973 526 manus,
996 428 1073 505 huc
1097 441 1136 507 et
1159 428 1253 507 illuc

429 598 455 636 ιο
473 559 666 639 Cursitant
689 558 831 635 mixtae
850 555 982 654 pueris
1009 553 1182 653 puellae3

475 682 683 762 Sordidum
708 684 888 759 flammae
911 676 1107 801 trepidant
1129 690 1299 757 rotantes

571 808 728 885 Vertiee
749 808 912 885 fumum.

467 960 517 1037 Ut
541 972 668 1061 tamen
695 957 799 1032 noris
825 957 964 1056 quibus
990 955 1191 1032 advoceris

473 1084 646 1180 Gaudiiq
672 1083 766 1161 Idus
791 1083 864 1158 tibi
890 1095 980 1157 sunt
1003 1082 1188 1181 agendae,

432 1242 455 1283 a
473 1206 551 1309 Qui
573 1206 655 1283 dies
681 1232 852 1283 mensem
877 1203 1041 1281 Veneris
1065 1204 1236 1281 marinae

570 1328 702 1408 Findit
726 1326 915 1428 Aprilem,

470 1481 560 1558 Iure
584 1478 778 1555 sollemnis
804 1476 898 1553 mihi
923 1476 1170 1577 sanctiorque

364 1698 373 1710 ἱ
471 1606 600 1681 Paene
625 1604 744 1680 natali
768 1603 939 1703 proprio,
967 1603 1074 1704 quod
1099 1628 1145 1679 ex
1168 1601 1241 1677 hae

470 1730 577 1806 Luce
597 1730 797 1807 Maecenas
823 1752 931 1804 meus
957 1727 1159 1805 affluentes

426 1888 453 1929 n
569 1850 734 1931 Ordinat
757 1878 888 1928 annos.

473 2003 698 2104 Telephum,
726 2027 842 2103 quem
863 2013 905 2075 tu
927 2000 1037 2101 petis,
1064 1998 1266 2095 occupavit

471 2128 560 2205 Non
580 2141 669 2203 tuae
694 2126 806 2202 sortis
830 2127 1008 2202 iuvenem
1034 2122 1166 2223 puella

470 2254 586 2331 Dives
613 2264 650 2328 et
674 2250 817 2327 lasciva
842 2260 1021 2349 tenetque
1048 2260 1157 2348 grata

571 2374 768 2476 Compsde
793 2374 977 2450 vinctum.

429 2564 455 2607 ss
473 2484 607 2603 Terret
630 2524 828 2601 ambustus
852 2522 1051 2599 Phaethon
1078 2538 1211 2596 avaras

269 2745 323 2801 que
340 2735 513 2788 renudatum
533 2731 678 2802 praebere.
700 2759 733 2772 -
759 2730 843 2802 rides]
893 2729 984 2784 darm.
1004 2731 1027 2793 1.
1044 2735 1070 2797 a,
1092 2737 1115 2789 1.
1160 2733 1317 2799 111‚as‚e.
1359 2729 1472 2801 Aprilis

270 2803 406 2872 splendet.
442 2801 476 2858 ci.
497 2803 650 2870 cem-11,
669 2805 712 2866 18,
730 2805 755 2856 2.
792 2799 844 2854 (la-
892 2799 998 2856 Veneri
1020 2819 1100 2860 noer
1124 2805 1186 2872 init,
1213 2804 1356 2875 quiahoc
1372 2817 1473 2856 mense

269 2873 330 2928 tuli.
341 2877 448 2942 east:
468 2874 604 2946 ›irrigenti
622 2873 772 2946 splendent
789 2873 844 2942 (se
893 2889 1044 2942 exsputus
1068 2878 1154 2931 maris
1177 2877 1338 2946 provenisse
1358 2872 1474 2928 diceba·

269 2945 330 3014 des)
352 2963 421 3001 auro
450 2953 535 3016 atque
565 2951 697 3016 argento,
735 2944 844 2999 (landet
892 2948 948 2998 tur.
967 2973 1003 2985 -
1020 2948 1108 3019 findis]
1139 2947 1250 3003 dividit
1294 2946 1394 3000 iduum
1418 2959 1473 2998 no·

270 3017 340 3071 ebur
358 3017 444 3082 soliis,
473 3015 623 3073 conlucent
650 3015 749 3087 poeula
767 3031 844 3070 men·
892 3032 956 3070 men
973 3017 1010 3071 ab
1036 3019 1153 3088 antiquo
1176 3019 1264 3073 verbo
1288 3023 1385 3072 sanan
1405 3015 1425 3068 i.
1445 3031 1472 3069 e.

270 3103 341 3143 sees
365 3117 400 3130 -
425 3087 555 3159 cortesis]
574 3087 637 3141 ride
655 3087 692 3142 sd
710 3086 802 3142 Cum.
821 3085 845 3154 1,
894 3085 1020 3142 dividere
1037 3088 1143 3144 factm
1160 3089 1294 3145 dicebant
1310 3085 1429 3156 antiqui.
1451 3117 1468 3126 ·

271 3161 424 3222 19‚14.—
449 3181 460 3214 s
480 3159 585 3230 arqisr]
602 3157 663 3214 Hoc
681 3173 738 3212 uno
755 3158 786 3211 in
803 3158 844 3227 ly-
894 3159 1026 3243 sanctior]
1046 3159 1283 3229 flechmel:
1311 3158 1381 3226 »Qui
1398 3156 1472 3212 mihi

269 3229 336 3285 riois
361 3231 423 3286 loeo
479 3228 585 3285 oratius
610 3229 663 3286 hss
685 3229 845 3298 antiquiore
893 3231 930 3293 ts,
959 3229 1099 3297 Oeanthe,
1129 3231 1189 3286 dies
1212 3231 1301 3299 dedit,
1324 3229 1372 3284 hio
1397 3227 1472 3281 mihi

270 3298 361 3356 ior-ma
381 3319 448 3356 usus
464 3306 517 3356 est.
541 3331 571 3340 -
597 3305 738 3356 immolato
758 3302 842 3369 opas]
894 3313 1004 3355 amm
1029 3303 1122 3373 Atque
1146 3306 1222 3357 inter
1243 3303 1332 3357 festos
1358 3315 1474 3368 nuper

269 3373 458 3428 Abstinebsnt
487 3371 597 3442 quidem
628 3371 736 3442 antiqui
766 3374 844 3425 teste
890 3371 1037 3428 habendus
1054 3376 1136 3429 erit«
1153 3401 1184 3416 -
1198 3371 1351 3458 effussus]
1375 3374 1471 3424 mns-

271 3443 398 3499 Vsrrone
415 3444 490 3515 apud
508 3443 690 3497 Censorinum
715 3459 739 3497 o.
757 3445 773 3496 2
796 3442 843 3496 die
891 3443 981 3497 latum
997 3446 1115 3500 verbum
1133 3461 1150 3500 s
1166 3446 1224 3499 lem
1247 3443 1361 3498 domins
1383 3457 1474 3510 squa-

269 3515 356 3569 nataii
376 3533 392 3569 a
410 3515 496 3570 caede
513 3531 546 3569 ae
564 3515 707 3586 sangiune,
731 3530 767 3568 ne
787 3529 843 3583 quo
891 3531 955 3568 rum
973 3514 1009 3568 sd
1025 3532 1114 3571 annos
1133 3521 1164 3571 et
1177 3519 1314 3587 tenpore,
1332 3512 1471 3583 ntllpist.

270 3584 315 3640 die
333 3586 386 3655 ipsi
406 3585 496 3641 lucem
518 3587 691 3656 accepissent
717 3585 779 3639 eliis
796 3584 844 3638 de·
892 3585 915 3654 1,
927 3589 1006 3654 nse.

270 3663 387 3711 merent.
423 3655 477 3712 Sed
500 3657 572 3710 nihil
597 3657 770 3727 impediebat
788 3655 845 3709 llo-
929 3655 962 3711 V.
980 3659 1024 3711 al.
1064 3660 1109 3712 i'sl
1159 3657 1215 3730 sss]
1251 3655 1330 3711 idem
1365 3669 1473 3708 nemen

271 3728 372 3783 ratium
392 3729 539 3797 quominus
553 3733 716 3783 Maecenatis
734 3727 780 3782 dis
795 3743 845 3780 ns·
894 3727 1085 3796 darm.1‚18.
1152 3728 1173 3794 1,
1193 3731 1236 3783 19.
1275 3727 1378 3782 'li-ibn
1395 3724 1472 3780 loeis

269 3799 320 3853 tali
345 3815 399 3869 pro
432 3800 522 3854 salute
540 3799 622 3854 amisi
650 3815 753 3870 sgnum
789 3797 846 3851 diis
893 3815 1040 3855 commune
1063 3803 1117 3866 est,
1142 3801 1217 3871 quod
1241 3799 1291 3870 qui
1308 3794 1473 3868 appellatur

269 3871 434 3925 immolaret.
470 3870 509 3926 ci.
535 3871 619 3924 etiam
640 3871 677 3924 ad
695 3871 784 3925 Germ.
797 3868 844 3935 ill,
893 3870 1031 3940 Telephus
1051 3871 1187 3942 spuellis
1201 3872 1320 3941 petitur,
1337 3867 1473 3938 nosipss

272 3945 367 4007 17,14.
388 3971 422 3982 -
447 3947 540 4013 pueris
568 3941 687 4014 puellas]
716 3941 791 3995 servi
813 3944 844 3994 ei
892 3941 1080 4013 petit-aon
1094 3955 1157 3998 tuns
1175 3949 1259 3997 sortis
1277 3939 1472 4006 issmmlSio

269 4013 395 4068 ancillae.
439 4016 552 4069 Puellae
569 4027 670 4068 nomen
689 4011 725 4066 de
743 4012 845 4066 anciila
892 4015 1031 4084 comenge
1051 4013 1153 4070 verbu
1186 4011 1358 4068 condicionis
1383 4011 1473 4080 longe

269 4085 450 4152 rarissimum,
480 4083 529 4138 sed
551 4085 640 4138 errari
665 4099 722 4136 non
739 4086 845 4154 potest.
892 4084 1048 4139 nobilioris.
1087 4088 1232 4140 Lamum
1250 4082 1398 4139 conimit
1416 4102 1472 4136 m

270 4157 336 4225 quia
359 4161 438 4226 pueri
464 4155 645 4225 praecedunt.
672 4183 707 4194 —
732 4154 843 4223 uertice]
894 4161 1059 4211 tenesmis
1116 4160 1180 4222 silo,
1207 4157 1291 4212 nimis
1306 4151 1471 4209 artificiose.

269 4243 324 4282 uon
343 4227 462 4294 aedium,
488 4225 537 4280 sed
563 4226 652 4296 ipsius
669 4224 797 4280 flammae
816 4229 847 4280 et
895 4257 928 4267 -
950 4228 1074 4300 compede
1104 4226 1140 4282 oi.
1162 4227 1253 4282 carm.
1274 4227 1295 4292 1,
1314 4227 1358 4292 88,
1378 4226 1421 4278 14.
1435 4251 1471 4264 -

268 4297 332 4354 ioci.
371 4300 514 4370 trepidare
541 4303 634 4351 sutem
658 4297 775 4351 verbum
798 4313 843 4351 sc·
892 4297 1039 4368 melion]
1068 4297 1103 4352 oi.
1128 4297 1208 4353 este.
1233 4298 1300 4352 diet.
1317 4296 1352 4362 11,
1373 4300 1388 4349 1
1406 4311 1472 4364 sqq.

269 4368 475 4424 commodatum
502 4373 546 4424 est
574 4369 610 4422 sd
640 4367 781 4422 incertum
810 4383 844 4423 sc
894 4397 927 4409 —
955 4372 991 4423 Pe
1008 4369 1083 4440 osas]
1118 4369 1182 4424 side
1209 4370 1246 4424 sd
1275 4370 1365 4423 eam.
1383 4367 1407 4430 Ι,
1423 4369 1473 4431 st,

269 4441 410 4511 trepidum
438 4439 611 4494 flammai-ism
638 4443 753 4493 motum.
806 4438 842 4494 si.
893 4443 955 4495 21·
1026 4439 1173 4510 llerophou
1202 4455 1266 4495 enin
1293 4438 1471 4493 chimaeram

269 4511 347 4582 Virg.
365 4511 432 4565 Bne.
451 4513 483 4577 8,
503 4515 562 4568 105.
609 4507 689 4565 ovid.
707 4509 775 4564 hiet.
794 4510 841 4575 Vi,
892 4511 1051 4576 occidisset,
1079 4511 1247 4567 temerarius
1265 4511 1358 4566 tanus
1374 4511 1471 4581 ipsum

269 4585 331 4637 296.
356 4611 387 4622 —
414 4585 524 4638 Veseris
548 4581 685 4652 marim}
725 4581 790 4638 ride
807 4582 844 4637 sd
893 4583 1002 4639 eoelum
1028 4585 1127 4654 petere
1148 4587 1267 4639 sonaim
1287 4587 1346 4648 ssi,
1372 4582 1424 4636 sed
1450 4597 1472 4635 s
