<?xml version="1.0" encoding="UTF-8"?>
<!DOCTYPE html PUBLIC "-//W3C//DTD XHTML 1.0 Transitional//EN"
    "http://www.w3.org/TR/xhtml1/DTD/xhtml1-transitional.dtd">
<html xmlns="http://www.w3.org/1999/xhtml" xml:lang="en" lang="en">
 <head>
  <title>
</title>
<meta http-equiv="Content-Type" content="text/html;charset=utf-8" />
  <meta name='ocr-system' content='tesseract 3.04.00' />
  <meta name='ocr-capabilities' content='ocr_page ocr_carea ocr_par ocr_line ocrx_word'/>
</head>
<body>
  <div class='ocr_page' id='page_1' title='image "./qhoratiiflaccio01dillgoog/qhoratiiflaccio01dillgoog_0086.png"; bbox 0 0 3125 5225; ppageno 0'>
   <div class='ocr_carea' id='block_1_1' title="bbox 300 268 1020 341">
    <p class='ocr_par' dir='ltr' id='par_1_1' title="bbox 300 268 1020 341">
     <span class='ocr_line' id='line_1_1' title="bbox 300 268 1020 341; baseline -0.008 0"><span class='ocrx_word' id='word_1_1' title='bbox 300 276 342 341; x_wconf 85' lang='lat'><strong>54</strong></span> <span class='ocrx_word' id='word_1_2' title='bbox 773 268 1020 338; x_wconf 81' lang='lat' dir='ltr'><strong>CARMINUM</strong></span> 
     </span>
    </p>
   </div>
   <div class='ocr_carea' id='block_1_2' title="bbox 352 459 1304 563">
    <p class='ocr_par' dir='ltr' id='par_1_2' title="bbox 352 459 1304 563">
     <span class='ocr_line' id='line_1_2' title="bbox 352 459 1304 563; baseline -0.011 -22"><span class='ocrx_word' id='word_1_3' title='bbox 352 464 586 563; x_wconf 76' lang='lat' dir='ltr'><strong>Ambiguam</strong></span> <span class='ocrx_word' id='word_1_4' title='bbox 613 462 750 539; x_wconf 87' lang='lat' dir='ltr'><strong>tellure</strong></span> <span class='ocrx_word' id='word_1_5' title='bbox 778 488 880 537; x_wconf 88' lang='lat' dir='ltr'><strong>nova</strong></span> <span class='ocrx_word' id='word_1_6' title='bbox 905 459 1100 538; x_wconf 76' lang='lat' dir='ltr'>Salamina</span> <span class='ocrx_word' id='word_1_7' title='bbox 1125 461 1304 533; x_wconf 85' lang='lat' dir='ltr'><strong>futuram.</strong></span> 
     </span>
    </p>
   </div>
   <div class='ocr_carea' id='block_1_3' title="bbox 309 586 1316 812">
    <p class='ocr_par' dir='ltr' id='par_1_3' title="bbox 309 586 1316 812">
     <span class='ocr_line' id='line_1_3' title="bbox 309 586 1001 687; baseline -0.009 -22"><span class='ocrx_word' id='word_1_8' title='bbox 309 624 334 665; x_wconf 84' lang='lat' dir='ltr'><strong>so</strong></span> <span class='ocrx_word' id='word_1_9' title='bbox 452 588 486 667; x_wconf 94' lang='grc' dir='ltr'>Ο</span> <span class='ocrx_word' id='word_1_10' title='bbox 513 590 632 665; x_wconf 81' lang='lat' dir='ltr'><strong>fortes</strong></span> <span class='ocrx_word' id='word_1_11' title='bbox 657 586 872 687; x_wconf 85' lang='lat' dir='ltr'><strong>peioraque</strong></span> <span class='ocrx_word' id='word_1_12' title='bbox 895 586 1001 685; x_wconf 87' lang='lat' dir='ltr'><strong>passi</strong></span> 
     </span>
     <span class='ocr_line' id='line_1_4' title="bbox 352 708 1316 812; baseline -0.01 -21"><span class='ocrx_word' id='word_1_13' title='bbox 352 715 504 791; x_wconf 90' lang='lat' dir='ltr'><strong>Mecum</strong></span> <span class='ocrx_word' id='word_1_14' title='bbox 527 737 640 812; x_wconf 87' lang='lat' dir='ltr'><strong>saepe</strong></span> <span class='ocrx_word' id='word_1_15' title='bbox 666 712 752 807; x_wconf 82' lang='lat' dir='ltr'><strong>viri,</strong></span> <span class='ocrx_word' id='word_1_16' title='bbox 780 736 884 787; x_wconf 90' lang='lat' dir='ltr'><strong>nunc</strong></span> <span class='ocrx_word' id='word_1_17' title='bbox 910 711 1002 784; x_wconf 84' lang='lat' dir='ltr'><strong>vino</strong></span> <span class='ocrx_word' id='word_1_18' title='bbox 1028 708 1162 809; x_wconf 90' lang='lat' dir='ltr'><strong>pellite</strong></span> <span class='ocrx_word' id='word_1_19' title='bbox 1187 734 1316 803; x_wconf 83' lang='lat' dir='ltr'><strong>curas3</strong></span> 
     </span>
    </p>
   </div>
   <div class='ocr_carea' id='block_1_4' title="bbox 454 837 1142 939">
    <p class='ocr_par' dir='ltr' id='par_1_4' title="bbox 454 837 1142 939">
     <span class='ocr_line' id='line_1_5' title="bbox 454 837 1142 939; baseline -0.016 -20"><span class='ocrx_word' id='word_1_20' title='bbox 454 844 548 919; x_wconf 84' lang='lat' dir='ltr'><strong>Cras</strong></span> <span class='ocrx_word' id='word_1_21' title='bbox 573 840 708 939; x_wconf 84' lang='lat' dir='ltr'><strong>ingens</strong></span> <span class='ocrx_word' id='word_1_22' title='bbox 735 837 959 913; x_wconf 75' lang='lat' dir='ltr'><strong>iterabimus</strong></span> <span class='ocrx_word' id='word_1_23' title='bbox 985 860 1142 934; x_wconf 85' lang='lat' dir='ltr'><strong>aequor.</strong></span> 
     </span>
    </p>
   </div>
   <div class='ocr_carea' id='block_1_5' title="bbox 861 1038 961 1049">
    <p class='ocr_par' dir='ltr' id='par_1_5' title="bbox 861 1038 961 1049">
     <span class='ocr_line' id='line_1_6' title="bbox 861 1038 961 1049; baseline -0.01 0"><span class='ocrx_word' id='word_1_24' title='bbox 861 1038 961 1049; x_wconf 69' lang='lat' dir='ltr'><strong>aun—n—</strong></span> 
     </span>
    </p>
   </div>
   <div class='ocr_carea' id='block_1_6' title="bbox 735 1200 1066 1287">
    <p class='ocr_par' dir='ltr' id='par_1_6' title="bbox 735 1200 1066 1287">
     <span class='ocr_line' id='line_1_7' title="bbox 735 1200 1066 1287; baseline -0.012 0"><span class='ocrx_word' id='word_1_25' title='bbox 735 1200 925 1287; x_wconf 80' lang='lat' dir='ltr'><strong>Osnunu</strong></span> <span class='ocrx_word' id='word_1_26' title='bbox 963 1200 1066 1287; x_wconf 88' lang='lat' dir='ltr'><strong>Vlll.</strong></span> 
     </span>
    </p>
   </div>
   <div class='ocr_carea' id='block_1_7' title="bbox 328 1364 1505 2339">
    <p class='ocr_par' dir='ltr' id='par_1_7' title="bbox 328 1364 1505 2339">
     <span class='ocr_line' id='line_1_8' title="bbox 353 1364 841 1463; baseline 0 -22"><span class='ocrx_word' id='word_1_27' title='bbox 353 1364 488 1463; x_wconf 87' lang='lat' dir='ltr'><strong>Lydia,</strong></span> <span class='ocrx_word' id='word_1_28' title='bbox 516 1365 587 1462; x_wconf 85' lang='lat' dir='ltr'><strong>dio,</strong></span> <span class='ocrx_word' id='word_1_29' title='bbox 615 1391 685 1463; x_wconf 89' lang='lat' dir='ltr'><strong>per</strong></span> <span class='ocrx_word' id='word_1_30' title='bbox 708 1392 841 1441; x_wconf 89' lang='lat' dir='ltr'><strong>omnes</strong></span> 
     </span>
     <span class='ocr_line' id='line_1_9' title="bbox 453 1489 1418 1589; baseline -0.001 -23"><span class='ocrx_word' id='word_1_31' title='bbox 453 1492 508 1566; x_wconf 85' lang='lat' dir='ltr'><strong>Tc</strong></span> <span class='ocrx_word' id='word_1_32' title='bbox 535 1490 730 1588; x_wconf 81' lang='lat' dir='ltr'><strong>deosum,</strong></span> <span class='ocrx_word' id='word_1_33' title='bbox 757 1489 926 1589; x_wconf 81' lang='lat' dir='ltr'>Sybarin</span> <span class='ocrx_word' id='word_1_34' title='bbox 950 1516 1018 1565; x_wconf 88' lang='lat' dir='ltr'><strong>cur</strong></span> <span class='ocrx_word' id='word_1_35' title='bbox 1042 1514 1224 1587; x_wconf 89' lang='lat' dir='ltr'><strong>properes</strong></span> <span class='ocrx_word' id='word_1_36' title='bbox 1251 1490 1418 1566; x_wconf 87' lang='lat' dir='ltr'><strong>amando</strong></span> 
     </span>
     <span class='ocr_line' id='line_1_10' title="bbox 353 1617 826 1717; baseline -0.002 -24"><span class='ocrx_word' id='word_1_37' title='bbox 353 1617 531 1715; x_wconf 78' lang='lat' dir='ltr'><strong>Perdere,</strong></span> <span class='ocrx_word' id='word_1_38' title='bbox 559 1643 627 1692; x_wconf 94' lang='lat' dir='ltr'><strong>cur</strong></span> <span class='ocrx_word' id='word_1_39' title='bbox 652 1618 826 1717; x_wconf 84' lang='lat' dir='ltr'><strong>apricum</strong></span> 
     </span>
     <span class='ocr_line' id='line_1_11' title="bbox 454 1738 1449 1842; baseline -0.005 -23"><span class='ocrx_word' id='word_1_40' title='bbox 454 1740 593 1819; x_wconf 81' lang='lat' dir='ltr'><strong>Oderit</strong></span> <span class='ocrx_word' id='word_1_41' title='bbox 618 1766 807 1841; x_wconf 88' lang='lat' dir='ltr'><strong>campum,</strong></span> <span class='ocrx_word' id='word_1_42' title='bbox 831 1744 982 1842; x_wconf 83' lang='lat' dir='ltr'><strong>patiens</strong></span> <span class='ocrx_word' id='word_1_43' title='bbox 1009 1741 1179 1840; x_wconf 87' lang='lat' dir='ltr'><strong>pulveris</strong></span> <span class='ocrx_word' id='word_1_44' title='bbox 1204 1752 1320 1841; x_wconf 87' lang='lat' dir='ltr'><strong>atque</strong></span> <span class='ocrx_word' id='word_1_45' title='bbox 1344 1738 1449 1837; x_wconf 88' lang='lat' dir='ltr'><strong>solis,</strong></span> 
     </span>
     <span class='ocr_line' id='line_1_12' title="bbox 328 1868 794 1969; baseline -0.004 -24"><span class='ocrx_word' id='word_1_46' title='bbox 328 1869 437 1946; x_wconf 80' lang='lat' dir='ltr'><strong>sCur</strong></span> <span class='ocrx_word' id='word_1_47' title='bbox 461 1893 588 1969; x_wconf 92' lang='lat' dir='ltr'><strong>neque</strong></span> <span class='ocrx_word' id='word_1_48' title='bbox 617 1868 794 1944; x_wconf 88' lang='lat' dir='ltr'><strong>militaris</strong></span> 
     </span>
     <span class='ocr_line' id='line_1_13' title="bbox 455 1990 1384 2092; baseline 0 -25"><span class='ocrx_word' id='word_1_49' title='bbox 455 1992 561 2067; x_wconf 84' lang='lat' dir='ltr'><strong>Inter</strong></span> <span class='ocrx_word' id='word_1_50' title='bbox 579 1992 758 2092; x_wconf 80' lang='lat' dir='ltr'><strong>aequales</strong></span> <span class='ocrx_word' id='word_1_51' title='bbox 785 1993 941 2090; x_wconf 88' lang='lat' dir='ltr'><strong>equitet,</strong></span> <span class='ocrx_word' id='word_1_52' title='bbox 969 1992 1121 2072; x_wconf 85' lang='lat' dir='ltr'><strong>Gallica</strong></span> <span class='ocrx_word' id='word_1_53' title='bbox 1145 2016 1216 2066; x_wconf 88' lang='lat' dir='ltr'><strong>neo</strong></span> <span class='ocrx_word' id='word_1_54' title='bbox 1241 1990 1384 2090; x_wconf 89' lang='lat' dir='ltr'><strong>lupatis</strong></span> 
     </span>
     <span class='ocr_line' id='line_1_14' title="bbox 358 2118 813 2216; baseline -0.011 -21"><span class='ocrx_word' id='word_1_55' title='bbox 358 2118 563 2216; x_wconf 83' lang='lat' dir='ltr'><strong>Temperet</strong></span> <span class='ocrx_word' id='word_1_56' title='bbox 589 2142 658 2192; x_wconf 90' lang='lat' dir='ltr'><strong>ora</strong></span> <span class='ocrx_word' id='word_1_57' title='bbox 682 2118 813 2193; x_wconf 85' lang='lat' dir='ltr'><strong>frenis.</strong></span> 
     </span>
     <span class='ocr_line' id='line_1_15' title="bbox 375 2240 1505 2339; baseline -0.004 -20"><span class='ocrx_word' id='word_1_58' title='bbox 375 2287 382 2299; x_wconf 94' lang='lat'>·</span> <span class='ocrx_word' id='word_1_59' title='bbox 458 2243 537 2319; x_wconf 80' lang='lat' dir='ltr'><strong>Cur</strong></span> <span class='ocrx_word' id='word_1_60' title='bbox 561 2243 671 2317; x_wconf 90' lang='lat' dir='ltr'><strong>timet</strong></span> <span class='ocrx_word' id='word_1_61' title='bbox 695 2240 838 2317; x_wconf 90' lang='lat' dir='ltr'><strong>flavum</strong></span> <span class='ocrx_word' id='word_1_62' title='bbox 852 2242 1025 2318; x_wconf 84' lang='lat' dir='ltr'><strong>Tiberim</strong></span> <span class='ocrx_word' id='word_1_63' title='bbox 1047 2244 1231 2339; x_wconf 82' lang='lat' dir='ltr'><strong>tangere?</strong></span> <span class='ocrx_word' id='word_1_64' title='bbox 1260 2242 1339 2321; x_wconf 86' lang='lat' dir='ltr'><strong>Cur</strong></span> <span class='ocrx_word' id='word_1_65' title='bbox 1361 2241 1505 2317; x_wconf 84' lang='lat' dir='ltr'><strong>olivum</strong></span> 
     </span>
    </p>
   </div>
   <div class='ocr_carea' id='block_1_8' title="bbox 307 2468 1507 4604">
    <p class='ocr_par' dir='ltr' id='par_1_8' title="bbox 307 2468 1507 3970">
     <span class='ocr_line' id='line_1_16' title="bbox 311 2468 1506 2541; baseline -0.001 -18"><span class='ocrx_word' id='word_1_66' title='bbox 311 2486 358 2525; x_wconf 81' lang='lat' dir='ltr'><strong>sas</strong></span> <span class='ocrx_word' id='word_1_67' title='bbox 378 2486 422 2524; x_wconf 86' lang='lat' dir='ltr'><strong>res</strong></span> <span class='ocrx_word' id='word_1_68' title='bbox 439 2472 536 2525; x_wconf 83' lang='lat' dir='ltr'><strong>erant«</strong></span> <span class='ocrx_word' id='word_1_69' title='bbox 557 2474 586 2524; x_wconf 87' lang='lat' dir='ltr'><strong>ct</strong></span> <span class='ocrx_word' id='word_1_70' title='bbox 605 2487 695 2541; x_wconf 86' lang='lat' dir='ltr'><strong>ssepe.</strong></span> <span class='ocrx_word' id='word_1_71' title='bbox 716 2470 805 2526; x_wconf 78' lang='lat' dir='ltr'><strong>Poeta</strong></span> <span class='ocrx_word' id='word_1_72' title='bbox 818 2488 883 2525; x_wconf 89' lang='lat' dir='ltr'><strong>con·</strong></span> <span class='ocrx_word' id='word_1_73' title='bbox 933 2486 1004 2539; x_wconf 80' lang='lat' dir='ltr'><strong>quse</strong></span> <span class='ocrx_word' id='word_1_74' title='bbox 1014 2468 1112 2538; x_wconf 82' lang='lat' dir='ltr'><strong>Lydis,</strong></span> <span class='ocrx_word' id='word_1_75' title='bbox 1126 2468 1189 2539; x_wconf 88' lang='lat' dir='ltr'><strong>quis</strong></span> <span class='ocrx_word' id='word_1_76' title='bbox 1199 2470 1313 2539; x_wconf 78' lang='lat' dir='ltr'><strong>Sybsris</strong></span> <span class='ocrx_word' id='word_1_77' title='bbox 1323 2469 1418 2525; x_wconf 78' lang='lat' dir='ltr'><strong>fuerit.</strong></span> <span class='ocrx_word' id='word_1_78' title='bbox 1444 2470 1506 2539; x_wconf 82' lang='lat' dir='ltr'><strong>lpas</strong></span> 
     </span>
     <span class='ocr_line' id='line_1_17' title="bbox 308 2538 1504 2613; baseline -0.003 -18"><span class='ocrx_word' id='word_1_79' title='bbox 308 2546 416 2595; x_wconf 85' lang='lat' dir='ltr'><strong>cretum</strong></span> <span class='ocrx_word' id='word_1_80' title='bbox 433 2540 508 2611; x_wconf 89' lang='lat' dir='ltr'><strong>quod</strong></span> <span class='ocrx_word' id='word_1_81' title='bbox 526 2545 628 2597; x_wconf 77' lang='lat' dir='ltr'><strong>vocant</strong></span> <span class='ocrx_word' id='word_1_82' title='bbox 665 2542 740 2597; x_wconf 89' lang='lat' dir='ltr'><strong>osuit</strong></span> <span class='ocrx_word' id='word_1_83' title='bbox 759 2560 811 2613; x_wconf 91' lang='lat' dir='ltr'><strong>pro</strong></span> <span class='ocrx_word' id='word_1_84' title='bbox 835 2543 882 2597; x_wconf 85' lang='lat' dir='ltr'><strong>sb·</strong></span> <span class='ocrx_word' id='word_1_85' title='bbox 932 2545 1026 2596; x_wconf 85' lang='lat' dir='ltr'><strong>eutem</strong></span> <span class='ocrx_word' id='word_1_86' title='bbox 1050 2541 1164 2595; x_wconf 80' lang='lat' dir='ltr'><strong>nomine</strong></span> <span class='ocrx_word' id='word_1_87' title='bbox 1192 2540 1341 2596; x_wconf 88' lang='lat' dir='ltr'><strong>mollitiem</strong></span> <span class='ocrx_word' id='word_1_88' title='bbox 1371 2538 1504 2598; x_wconf 82' lang='lat' dir='ltr'><strong>indicent.</strong></span> 
     </span>
     <span class='ocr_line' id='line_1_18' title="bbox 307 2560 1504 2704; baseline 0 -37"><span class='ocrx_word' id='word_1_89' title='bbox 307 2617 414 2696; x_wconf 77' lang='lat' dir='ltr'><strong>straete</strong></span> <span class='ocrx_word' id='word_1_90' title='bbox 433 2613 553 2669; x_wconf 89' lang='lat' dir='ltr'><strong>nomine.</strong></span> <span class='ocrx_word' id='word_1_91' title='bbox 591 2613 631 2668; x_wconf 83' lang='lat' dir='ltr'><strong>cf.</strong></span> <span class='ocrx_word' id='word_1_92' title='bbox 645 2560 753 2704; x_wconf 59' lang='lat' dir='ltr'><strong>bucon.</strong></span> <span class='ocrx_word' id='word_1_93' title='bbox 767 2613 803 2682; x_wconf 88' lang='lat'><strong>11,</strong></span> <span class='ocrx_word' id='word_1_94' title='bbox 815 2618 880 2702; x_wconf 70' lang='lat' dir='ltr'><strong>itii:</strong></span> <span class='ocrx_word' id='word_1_95' title='bbox 933 2613 975 2696; x_wconf 74' lang='lat' dir='ltr'><strong>De</strong></span> <span class='ocrx_word' id='word_1_96' title='bbox 1000 2616 1128 2698; x_wconf 74' lang='lat' dir='ltr'><strong>tempore</strong></span> <span class='ocrx_word' id='word_1_97' title='bbox 1152 2613 1235 2668; x_wconf 84' lang='lat' dir='ltr'><strong>insne</strong></span> <span class='ocrx_word' id='word_1_98' title='bbox 1258 2617 1303 2668; x_wconf 84' lang='lat' dir='ltr'><strong>est</strong></span> <span class='ocrx_word' id='word_1_99' title='bbox 1326 2613 1439 2684; x_wconf 78' lang='lat' dir='ltr'><strong>aliquid</strong></span> <span class='ocrx_word' id='word_1_100' title='bbox 1464 2631 1504 2668; x_wconf 91' lang='lat' dir='ltr'><strong>sn·</strong></span> 
     </span>
     <span class='ocr_line' id='line_1_19' title="bbox 307 2685 1505 2836; baseline 0 -28"><span class='ocrx_word' id='word_1_101' title='bbox 307 2685 882 2836; x_wconf 57' lang='lat' dir='ltr'><strong>ztttffilttjefttttt&#39;t‘sl</strong></span> <span class='ocrx_word' id='word_1_102' title='bbox 933 2702 1057 2812; x_wconf 58' lang='lat' dir='ltr'><strong>⁸¹³¹‘iil</strong></span> <span class='ocrx_word' id='word_1_103' title='bbox 1096 2755 1236 2828; x_wconf 53' lang='lat' dir='ltr'><strong>aaut]</strong></span> <span class='ocrx_word' id='word_1_104' title='bbox 1265 2755 1381 2836; x_wconf 57' lang='lat' dir='ltr'><strong>ossus</strong></span> <span class='ocrx_word' id='word_1_105' title='bbox 1414 2753 1505 2810; x_wconf 73' lang='lat' dir='ltr'><strong>sas</strong></span> 
     </span>
     <span class='ocr_line' id='line_1_20' title="bbox 308 2825 1507 2897; baseline -0.002 -16"><span class='ocrx_word' id='word_1_106' title='bbox 308 2843 349 2880; x_wconf 84' lang='lat' dir='ltr'><strong>cn</strong></span> <span class='ocrx_word' id='word_1_107' title='bbox 367 2827 442 2881; x_wconf 85' lang='lat' dir='ltr'><strong>vocis</strong></span> <span class='ocrx_word' id='word_1_108' title='bbox 460 2828 566 2882; x_wconf 90' lang='lat' dir='ltr'><strong>mentio</strong></span> <span class='ocrx_word' id='word_1_109' title='bbox 591 2827 631 2882; x_wconf 86' lang='lat' dir='ltr'><strong>fit.</strong></span> <span class='ocrx_word' id='word_1_110' title='bbox 676 2827 753 2897; x_wconf 84' lang='lat' dir='ltr'><strong>Virg.</strong></span> <span class='ocrx_word' id='word_1_111' title='bbox 774 2828 843 2882; x_wconf 82' lang='lat' dir='ltr'><strong>Aen.</strong></span> <span class='ocrx_word' id='word_1_112' title='bbox 860 2826 883 2897; x_wconf 86' lang='lat'><strong>1,</strong></span> <span class='ocrx_word' id='word_1_113' title='bbox 933 2844 996 2882; x_wconf 88' lang='lat' dir='ltr'><strong>nem</strong></span> <span class='ocrx_word' id='word_1_114' title='bbox 1020 2832 1050 2882; x_wconf 91' lang='lat' dir='ltr'><strong>et</strong></span> <span class='ocrx_word' id='word_1_115' title='bbox 1073 2825 1292 2897; x_wconf 80' lang='lat' dir='ltr'><strong>interpungendi</strong></span> <span class='ocrx_word' id='word_1_116' title='bbox 1310 2830 1450 2882; x_wconf 79' lang='lat' dir='ltr'><strong>rotronem</strong></span> <span class='ocrx_word' id='word_1_117' title='bbox 1468 2843 1507 2879; x_wconf 86' lang='lat' dir='ltr'><strong>re·</strong></span> 
     </span>
     <span class='ocr_line' id='line_1_21' title="bbox 311 2897 1505 2970; baseline -0.001 -19"><span class='ocrx_word' id='word_1_118' title='bbox 311 2899 368 2952; x_wconf 82' lang='lat'>198.</span> <span class='ocrx_word' id='word_1_119' title='bbox 390 2929 418 2937; x_wconf 90' lang='lat'><em>-</em></span> <span class='ocrx_word' id='word_1_120' title='bbox 452 2899 613 2970; x_wconf 76' lang='lat' dir='ltr'><strong>ambiguam]</strong></span> <span class='ocrx_word' id='word_1_121' title='bbox 633 2903 665 2952; x_wconf 84' lang='lat' dir='ltr'><strong>ut</strong></span> <span class='ocrx_word' id='word_1_122' title='bbox 683 2902 783 2966; x_wconf 68' lang='lat' dir='ltr'><strong>falsus,</strong></span> <span class='ocrx_word' id='word_1_123' title='bbox 801 2905 884 2954; x_wconf 73' lang='lat' dir='ltr'><strong>sims-</strong></span> <span class='ocrx_word' id='word_1_124' title='bbox 933 2898 1024 2966; x_wconf 82' lang='lat' dir='ltr'><strong>stitui;</strong></span> <span class='ocrx_word' id='word_1_125' title='bbox 1043 2897 1174 2952; x_wconf 85' lang='lat' dir='ltr'><strong>nimirum</strong></span> <span class='ocrx_word' id='word_1_126' title='bbox 1198 2897 1349 2952; x_wconf 74' lang='lat' dir='ltr'><strong>verisimile</strong></span> <span class='ocrx_word' id='word_1_127' title='bbox 1368 2903 1423 2960; x_wconf 77' lang='lat' dir='ltr'><strong>est,</strong></span> <span class='ocrx_word' id='word_1_128' title='bbox 1442 2897 1505 2951; x_wconf 82' lang='lat' dir='ltr'><strong>cru-</strong></span> 
     </span>
     <span class='ocr_line' id='line_1_22' title="bbox 308 2967 1504 3040; baseline -0.002 -18"><span class='ocrx_word' id='word_1_129' title='bbox 308 2971 380 3024; x_wconf 79' lang='lat' dir='ltr'><strong>lctus</strong></span> <span class='ocrx_word' id='word_1_130' title='bbox 400 2969 474 3038; x_wconf 85' lang='lat' dir='ltr'><strong>apud</strong></span> <span class='ocrx_word' id='word_1_131' title='bbox 492 2969 642 3039; x_wconf 72' lang='lat' dir='ltr'><strong>Virgilium</strong></span> <span class='ocrx_word' id='word_1_132' title='bbox 662 2970 729 3024; x_wconf 81' lang='lat' dir='ltr'><strong>Aen.</strong></span> <span class='ocrx_word' id='word_1_133' title='bbox 749 2969 799 3040; x_wconf 91' lang='lat'>111,</span> <span class='ocrx_word' id='word_1_134' title='bbox 821 2973 882 3026; x_wconf 81' lang='lat'><strong>302.</strong></span> <span class='ocrx_word' id='word_1_135' title='bbox 934 2969 1038 3040; x_wconf 83' lang='lat' dir='ltr'><strong>quium,</strong></span> <span class='ocrx_word' id='word_1_136' title='bbox 1058 2969 1107 3038; x_wconf 86' lang='lat' dir='ltr'><strong>qui</strong></span> <span class='ocrx_word' id='word_1_137' title='bbox 1124 2969 1160 3023; x_wconf 89' lang='lat' dir='ltr'><strong>de</strong></span> <span class='ocrx_word' id='word_1_138' title='bbox 1178 2969 1236 3023; x_wconf 87' lang='lat' dir='ltr'><strong>suis</strong></span> <span class='ocrx_word' id='word_1_139' title='bbox 1255 2968 1337 3025; x_wconf 85' lang='lat' dir='ltr'><strong>codd.</strong></span> <span class='ocrx_word' id='word_1_140' title='bbox 1348 2967 1420 3026; x_wconf 70' lang='lat' dir='ltr'><strong>nihil</strong></span> <span class='ocrx_word' id='word_1_141' title='bbox 1431 2968 1504 3024; x_wconf 86' lang='lat' dir='ltr'><strong>dixe·</strong></span> 
     </span>
     <span class='ocr_line' id='line_1_23' title="bbox 308 3039 1505 3111; baseline 0.001 -18"><span class='ocrx_word' id='word_1_142' title='bbox 308 3041 369 3094; x_wconf 76' lang='lat'>³49.</span> <span class='ocrx_word' id='word_1_143' title='bbox 396 3040 565 3109; x_wconf 81' lang='lat' dir='ltr'><strong>Ambiguum</strong></span> <span class='ocrx_word' id='word_1_144' title='bbox 582 3041 646 3105; x_wconf 87' lang='lat' dir='ltr'><strong>erit,</strong></span> <span class='ocrx_word' id='word_1_145' title='bbox 664 3039 687 3095; x_wconf 90' lang='lat' dir='ltr'><strong>si</strong></span> <span class='ocrx_word' id='word_1_146' title='bbox 706 3041 767 3110; x_wconf 87' lang='lat' dir='ltr'><strong>quis</strong></span> <span class='ocrx_word' id='word_1_147' title='bbox 785 3041 816 3096; x_wconf 88' lang='lat' dir='ltr'><strong>in</strong></span> <span class='ocrx_word' id='word_1_148' title='bbox 833 3057 884 3111; x_wconf 91' lang='lat' dir='ltr'><strong>po-</strong></span> <span class='ocrx_word' id='word_1_149' title='bbox 933 3041 982 3103; x_wconf 85' lang='lat' dir='ltr'><strong>rit‚</strong></span> <span class='ocrx_word' id='word_1_150' title='bbox 1002 3039 1040 3094; x_wconf 84' lang='lat' dir='ltr'><strong>sd</strong></span> <span class='ocrx_word' id='word_1_151' title='bbox 1056 3041 1228 3110; x_wconf 88' lang='lat' dir='ltr'><strong>optimorum</strong></span> <span class='ocrx_word' id='word_1_152' title='bbox 1248 3057 1363 3094; x_wconf 87' lang='lat' dir='ltr'><strong>suorum</strong></span> <span class='ocrx_word' id='word_1_153' title='bbox 1380 3041 1505 3095; x_wconf 86' lang='lat' dir='ltr'><strong>codicum</strong></span> 
     </span>
     <span class='ocr_line' id='line_1_24' title="bbox 307 3110 1505 3182; baseline 0 -18"><span class='ocrx_word' id='word_1_154' title='bbox 307 3115 415 3165; x_wconf 80' lang='lat' dir='ltr'><strong>aterum</strong></span> <span class='ocrx_word' id='word_1_155' title='bbox 434 3111 581 3166; x_wconf 83' lang='lat' dir='ltr'><strong>Salaminis</strong></span> <span class='ocrx_word' id='word_1_156' title='bbox 599 3111 766 3175; x_wconf 84' lang='lat' dir='ltr'><strong>meminerit,</strong></span> <span class='ocrx_word' id='word_1_157' title='bbox 786 3118 882 3168; x_wconf 80' lang='lat' dir='ltr'><strong>otram</strong></span> <span class='ocrx_word' id='word_1_158' title='bbox 934 3111 1080 3166; x_wconf 82' lang='lat' dir='ltr'><strong>Blandinn.</strong></span> <span class='ocrx_word' id='word_1_159' title='bbox 1109 3111 1310 3167; x_wconf 80' lang='lat' dir='ltr'><strong>auctoritatem</strong></span> <span class='ocrx_word' id='word_1_160' title='bbox 1333 3128 1393 3166; x_wconf 81' lang='lat' dir='ltr'><strong>sese</strong></span> <span class='ocrx_word' id='word_1_161' title='bbox 1420 3110 1505 3182; x_wconf 81' lang='lat' dir='ltr'><strong>sppli-</strong></span> 
     </span>
     <span class='ocr_line' id='line_1_25' title="bbox 307 3181 1503 3252; baseline -0.001 -16"><span class='ocrx_word' id='word_1_162' title='bbox 307 3183 376 3236; x_wconf 83' lang='lat' dir='ltr'><strong>velit</strong></span> <span class='ocrx_word' id='word_1_163' title='bbox 393 3182 525 3250; x_wconf 83' lang='lat' dir='ltr'><strong>indicere,</strong></span> <span class='ocrx_word' id='word_1_164' title='bbox 547 3183 577 3237; x_wconf 93' lang='lat' dir='ltr'><strong>in</strong></span> <span class='ocrx_word' id='word_1_165' title='bbox 605 3184 667 3238; x_wconf 87' lang='lat' dir='ltr'><strong>sinu</strong></span> <span class='ocrx_word' id='word_1_166' title='bbox 688 3183 821 3238; x_wconf 76' lang='lat' dir='ltr'><strong>Saronico</strong></span> <span class='ocrx_word' id='word_1_167' title='bbox 847 3203 883 3240; x_wconf 83' lang='lat' dir='ltr'><strong>an</strong></span> <span class='ocrx_word' id='word_1_168' title='bbox 934 3200 1020 3238; x_wconf 80' lang='lat' dir='ltr'><strong>casse.</strong></span> <span class='ocrx_word' id='word_1_169' title='bbox 1051 3181 1092 3236; x_wconf 83' lang='lat' dir='ltr'><strong>Et</strong></span> <span class='ocrx_word' id='word_1_170' title='bbox 1112 3187 1190 3239; x_wconf 87' lang='lat' dir='ltr'><strong>recte</strong></span> <span class='ocrx_word' id='word_1_171' title='bbox 1207 3181 1401 3252; x_wconf 79' lang='lat' dir='ltr'><strong>Peerlksmpio</strong></span> <span class='ocrx_word' id='word_1_172' title='bbox 1421 3183 1503 3238; x_wconf 64' lang='lat' dir='ltr'><strong>otuu</strong></span> 
     </span>
     <span class='ocr_line' id='line_1_26' title="bbox 311 3253 1503 3379; baseline 0.001 -74"><span class='ocrx_word' id='word_1_173' title='bbox 311 3253 340 3308; x_wconf 86' lang='lat' dir='ltr'><strong>in</strong></span> <span class='ocrx_word' id='word_1_174' title='bbox 359 3253 450 3308; x_wconf 78' lang='lat' dir='ltr'><strong>insula</strong></span> <span class='ocrx_word' id='word_1_175' title='bbox 469 3254 568 3324; x_wconf 81' lang='lat' dir='ltr'><strong>Cypro.</strong></span> <span class='ocrx_word' id='word_1_176' title='bbox 606 3253 714 3308; x_wconf 85' lang='lat' dir='ltr'><strong>Teucer</strong></span> <span class='ocrx_word' id='word_1_177' title='bbox 731 3255 794 3379; x_wconf 61' lang='lat' dir='ltr'><strong>ifisc</strong></span> <span class='ocrx_word' id='word_1_178' title='bbox 814 3255 884 3310; x_wconf 84' lang='lat' dir='ltr'><strong>boec</strong></span> <span class='ocrx_word' id='word_1_179' title='bbox 933 3253 1009 3309; x_wconf 84' lang='lat' dir='ltr'><strong>inter</strong></span> <span class='ocrx_word' id='word_1_180' title='bbox 1027 3253 1146 3325; x_wconf 78' lang='lat' dir='ltr'><strong>reliquas</strong></span> <span class='ocrx_word' id='word_1_181' title='bbox 1159 3254 1262 3308; x_wconf 78' lang='lat' dir='ltr'><strong>formes</strong></span> <span class='ocrx_word' id='word_1_182' title='bbox 1280 3254 1400 3310; x_wconf 73' lang='lat' dir='ltr'><strong>alienum</strong></span> <span class='ocrx_word' id='word_1_183' title='bbox 1416 3253 1503 3308; x_wconf 86' lang='lat' dir='ltr'><strong>visum</strong></span> 
     </span>
     <span class='ocr_line' id='line_1_27' title="bbox 308 3324 1504 3396; baseline -0.001 -18"><span class='ocrx_word' id='word_1_184' title='bbox 308 3329 508 3380; x_wconf 79' lang='lat' dir='ltr'><strong>commemoret</strong></span> <span class='ocrx_word' id='word_1_185' title='bbox 525 3326 599 3394; x_wconf 82' lang='lat' dir='ltr'><strong>apud</strong></span> <span class='ocrx_word' id='word_1_186' title='bbox 618 3324 717 3396; x_wconf 84' lang='lat' dir='ltr'><strong>Eurip.</strong></span> <span class='ocrx_word' id='word_1_187' title='bbox 764 3327 797 3378; x_wconf 86' lang='lat' dir='ltr'><strong>sl.</strong></span> <span class='ocrx_word' id='word_1_188' title='bbox 819 3329 883 3382; x_wconf 80' lang='lat'>146:</span> <span class='ocrx_word' id='word_1_189' title='bbox 934 3329 988 3389; x_wconf 86' lang='lat' dir='ltr'><strong>est,</strong></span> <span class='ocrx_word' id='word_1_190' title='bbox 1015 3326 1074 3378; x_wconf 83' lang='lat' dir='ltr'><strong>sive</strong></span> <span class='ocrx_word' id='word_1_191' title='bbox 1101 3342 1153 3395; x_wconf 91' lang='lat' dir='ltr'><strong>pro</strong></span> <span class='ocrx_word' id='word_1_192' title='bbox 1172 3325 1351 3380; x_wconf 85' lang='lat' dir='ltr'><strong>coniunctivo</strong></span> <span class='ocrx_word' id='word_1_193' title='bbox 1368 3325 1428 3379; x_wconf 84' lang='lat' dir='ltr'><strong>sive</strong></span> <span class='ocrx_word' id='word_1_194' title='bbox 1444 3341 1504 3378; x_wconf 89' lang='lat' dir='ltr'><strong>cum</strong></span> 
     </span>
     <span class='ocr_line' id='line_1_28' title="bbox 310 3390 1505 3470; baseline 0.002 -22"><span class='ocrx_word' id='word_1_195' title='bbox 310 3391 363 3454; x_wconf 66' lang='lat' dir='ltr'><strong>scic</strong></span> <span class='ocrx_word' id='word_1_196' title='bbox 388 3391 461 3468; x_wconf 81' lang='grc' dir='ltr'><em>τύχω</em></span> <span class='ocrx_word' id='word_1_197' title='bbox 485 3390 692 3468; x_wconf 76' lang='grc' dir='ltr'><strong>μαντευμάτων,</strong></span> <span class='ocrx_word' id='word_1_198' title='bbox 720 3393 790 3470; x_wconf 76' lang='grc' dir='ltr'><strong>Ὅπῃ</strong></span> <span class='ocrx_word' id='word_1_199' title='bbox 817 3395 885 3457; x_wconf 79' lang='grc' dir='ltr'><strong><em>νεὼς</em></strong></span> <span class='ocrx_word' id='word_1_200' title='bbox 933 3395 1064 3450; x_wconf 88' lang='lat' dir='ltr'><strong>Bentleio</strong></span> <span class='ocrx_word' id='word_1_201' title='bbox 1082 3412 1134 3466; x_wconf 90' lang='lat' dir='ltr'><strong>pro</strong></span> <span class='ocrx_word' id='word_1_202' title='bbox 1150 3393 1303 3452; x_wconf 79' lang='lat' dir='ltr'><strong>indicativo</strong></span> <span class='ocrx_word' id='word_1_203' title='bbox 1319 3395 1409 3450; x_wconf 83' lang='lat' dir='ltr'><strong>futuri</strong></span> <span class='ocrx_word' id='word_1_204' title='bbox 1425 3395 1505 3450; x_wconf 81' lang='lat' dir='ltr'><strong>bsbc·</strong></span> 
     </span>
     <span class='ocr_line' id='line_1_29' title="bbox 309 3459 1505 3540; baseline 0.001 -21"><span class='ocrx_word' id='word_1_205' title='bbox 309 3468 443 3539; x_wconf 73' lang='grc' dir='ltr'><strong><em>στείλαιμ’</em></strong></span> <span class='ocrx_word' id='word_1_206' title='bbox 466 3459 501 3522; x_wconf 75' lang='grc' dir='ltr'><strong>ἂν</strong></span> <span class='ocrx_word' id='word_1_207' title='bbox 523 3461 616 3538; x_wconf 75' lang='grc' dir='ltr'><strong><em>οὔριον</em></strong></span> <span class='ocrx_word' id='word_1_208' title='bbox 639 3467 740 3540; x_wconf 80' lang='grc' dir='ltr'><em>πτερὸν</em></span> <span class='ocrx_word' id='word_1_209' title='bbox 761 3473 810 3530; x_wconf 71' lang='lat' dir='ltr'><strong>Eu</strong></span> <span class='ocrx_word' id='word_1_210' title='bbox 831 3471 885 3540; x_wconf 73' lang='grc' dir='ltr'><strong>γῆν</strong></span> <span class='ocrx_word' id='word_1_211' title='bbox 933 3472 989 3520; x_wconf 84' lang='lat' dir='ltr'><strong>tur.</strong></span> <span class='ocrx_word' id='word_1_212' title='bbox 1008 3495 1043 3508; x_wconf 90' lang='lat'><em>-</em></span> <span class='ocrx_word' id='word_1_213' title='bbox 1060 3467 1192 3538; x_wconf 70' lang='lat' dir='ltr'><strong>comm]</strong></span> <span class='ocrx_word' id='word_1_214' title='bbox 1217 3467 1359 3535; x_wconf 73' lang='lat' dir='ltr'><strong>Mardum,</strong></span> <span class='ocrx_word' id='word_1_215' title='bbox 1377 3467 1445 3522; x_wconf 79' lang='lat' dir='ltr'><strong>solis</strong></span> <span class='ocrx_word' id='word_1_216' title='bbox 1463 3483 1505 3520; x_wconf 82' lang='lat' dir='ltr'><strong>sc·</strong></span> 
     </span>
     <span class='ocr_line' id='line_1_30' title="bbox 310 3524 1504 3622; baseline -0.001 -29"><span class='ocrx_word' id='word_1_217' title='bbox 310 3537 421 3593; x_wconf 69' lang='lat' dir='ltr'><strong>trauca</strong></span> <span class='ocrx_word' id='word_1_218' title='bbox 452 3533 579 3622; x_wconf 68' lang='grc' dir='ltr'><em>Κὺῃρον,</em></span> <span class='ocrx_word' id='word_1_219' title='bbox 612 3524 643 3594; x_wconf 80' lang='lat' dir='ltr'><strong>oi</strong></span> <span class='ocrx_word' id='word_1_220' title='bbox 670 3545 701 3612; x_wconf 84' lang='grc' dir='ltr'><strong>μ’</strong></span> <span class='ocrx_word' id='word_1_221' title='bbox 732 3541 885 3596; x_wconf 70' lang='grc' dir='ltr'><em>ἐθέσπισεν</em></span> <span class='ocrx_word' id='word_1_222' title='bbox 934 3538 991 3593; x_wconf 81' lang='lat' dir='ltr'><strong>stul</strong></span> <span class='ocrx_word' id='word_1_223' title='bbox 1007 3537 1128 3593; x_wconf 85' lang='lat' dir='ltr'><strong>msxims</strong></span> <span class='ocrx_word' id='word_1_224' title='bbox 1145 3539 1312 3608; x_wconf 86' lang='lat' dir='ltr'><strong>expositum.</strong></span> <span class='ocrx_word' id='word_1_225' title='bbox 1341 3569 1373 3577; x_wconf 96' lang='lat'>—</span> <span class='ocrx_word' id='word_1_226' title='bbox 1402 3543 1504 3609; x_wconf 77' lang='lat' dir='ltr'><strong>patim</strong></span> 
     </span>
     <span class='ocr_line' id='line_1_31' title="bbox 311 3605 1506 3682; baseline -0.002 -17"><span class='ocrx_word' id='word_1_227' title='bbox 311 3611 404 3665; x_wconf 67' lang='lat' dir='ltr'><strong>orasis</strong></span> <span class='ocrx_word' id='word_1_228' title='bbox 422 3605 581 3671; x_wconf 71' lang='grc' dir='ltr'><strong>Ἀπολλων,</strong></span> <span class='ocrx_word' id='word_1_229' title='bbox 604 3605 694 3682; x_wconf 81' lang='grc' dir='ltr'><em>ὄνομα</em></span> <span class='ocrx_word' id='word_1_230' title='bbox 712 3609 883 3678; x_wconf 76' lang='grc' dir='ltr'><strong><em>νησιωτικὸν,</em></strong></span> <span class='ocrx_word' id='word_1_231' title='bbox 934 3609 1017 3678; x_wconf 70' lang='lat' dir='ltr'><strong>osta]</strong></span> <span class='ocrx_word' id='word_1_232' title='bbox 1037 3627 1100 3665; x_wconf 89' lang='lat' dir='ltr'><strong>cum</strong></span> <span class='ocrx_word' id='word_1_233' title='bbox 1118 3614 1319 3680; x_wconf 62' lang='lat' dir='ltr'><strong>antespastus:</strong></span> <span class='ocrx_word' id='word_1_234' title='bbox 1337 3608 1462 3680; x_wconf 78' lang='lat' dir='ltr'><strong>pulveris</strong></span> <span class='ocrx_word' id='word_1_235' title='bbox 1479 3611 1506 3661; x_wconf 89' lang='lat' dir='ltr'><strong>ct</strong></span> 
     </span>
     <span class='ocr_line' id='line_1_32' title="bbox 309 3678 1502 3756; baseline -0.001 -22"><span class='ocrx_word' id='word_1_236' title='bbox 309 3683 457 3752; x_wconf 72' lang='grc' dir='ltr'><strong>Σαλαμῖνα</strong></span> <span class='ocrx_word' id='word_1_237' title='bbox 481 3686 612 3754; x_wconf 71' lang='grc' dir='ltr'><strong>θέμενον,</strong></span> <span class='ocrx_word' id='word_1_238' title='bbox 646 3683 692 3748; x_wconf 81' lang='grc' dir='ltr'><strong>τῆς</strong></span> <span class='ocrx_word' id='word_1_239' title='bbox 719 3684 777 3736; x_wconf 67' lang='grc' dir='ltr'><strong>ἐκεῖ</strong></span> <span class='ocrx_word' id='word_1_240' title='bbox 800 3678 884 3756; x_wconf 70' lang='grc' dir='ltr'><em>χάριν</em></span> <span class='ocrx_word' id='word_1_241' title='bbox 935 3679 1003 3734; x_wconf 88' lang='lat' dir='ltr'><strong>solis</strong></span> <span class='ocrx_word' id='word_1_242' title='bbox 1025 3680 1121 3735; x_wconf 63' lang='lat' dir='ltr'><strong>fuerit·</strong></span> <span class='ocrx_word' id='word_1_243' title='bbox 1168 3681 1240 3735; x_wconf 87' lang='lat' dir='ltr'><strong>Tum</strong></span> <span class='ocrx_word' id='word_1_244' title='bbox 1264 3687 1447 3736; x_wconf 70' lang='lat' dir='ltr'><strong>recensentur</strong></span> <span class='ocrx_word' id='word_1_245' title='bbox 1464 3679 1502 3733; x_wconf 87' lang='lat' dir='ltr'><strong>di·</strong></span> 
     </span>
     <span class='ocr_line' id='line_1_33' title="bbox 309 3745 1504 3822; baseline 0.005 -18"><span class='ocrx_word' id='word_1_246' title='bbox 309 3745 437 3822; x_wconf 56' lang='lat' dir='ltr'><strong>nepae«</strong></span> <span class='ocrx_word' id='word_1_247' title='bbox 934 3768 1017 3806; x_wconf 86' lang='lat' dir='ltr'><strong>versa</strong></span> <span class='ocrx_word' id='word_1_248' title='bbox 1034 3751 1228 3822; x_wconf 76' lang='lat' dir='ltr'><strong>gymnicorum</strong></span> <span class='ocrx_word' id='word_1_249' title='bbox 1246 3751 1378 3807; x_wconf 86' lang='lat' dir='ltr'><strong>ludorum</strong></span> <span class='ocrx_word' id='word_1_250' title='bbox 1395 3767 1504 3822; x_wconf 69' lang='lat' dir='ltr'><strong>genem,</strong></span> 
     </span>
     <span class='ocr_line' id='line_1_34' title="bbox 935 3822 1504 3891; baseline 0.005 -16"><span class='ocrx_word' id='word_1_251' title='bbox 935 3822 1036 3890; x_wconf 88' lang='lat' dir='ltr'><strong>quibus</strong></span> <span class='ocrx_word' id='word_1_252' title='bbox 1066 3823 1180 3877; x_wconf 87' lang='lat' dir='ltr'><strong>iuvenes</strong></span> <span class='ocrx_word' id='word_1_253' title='bbox 1205 3823 1325 3878; x_wconf 73' lang='lat' dir='ltr'><strong>Romani</strong></span> <span class='ocrx_word' id='word_1_254' title='bbox 1350 3823 1379 3876; x_wconf 94' lang='lat' dir='ltr'><strong>in</strong></span> <span class='ocrx_word' id='word_1_255' title='bbox 1409 3838 1504 3891; x_wconf 78' lang='lat' dir='ltr'><strong>campo</strong></span> 
     </span>
     <span class='ocr_line' id='line_1_35' title="bbox 416 3892 1503 3970; baseline 0 -24"><span class='ocrx_word' id='word_1_256' title='bbox 416 3957 421 3970; x_wconf 34' lang='lat'>⁸</span> <span class='ocrx_word' id='word_1_257' title='bbox 934 3893 1145 3949; x_wconf 81' lang='lat' dir='ltr'><strong>exercebantur.</strong></span> <span class='ocrx_word' id='word_1_258' title='bbox 1159 3925 1192 3934; x_wconf 92' lang='lat'><em>-</em></span> <span class='ocrx_word' id='word_1_259' title='bbox 1203 3893 1346 3963; x_wconf 65' lang='lat' dir='ltr'><strong>militaris]</strong></span> <span class='ocrx_word' id='word_1_260' title='bbox 1364 3911 1442 3949; x_wconf 86' lang='lat' dir='ltr'><strong>more</strong></span> <span class='ocrx_word' id='word_1_261' title='bbox 1458 3892 1503 3946; x_wconf 89' lang='lat' dir='ltr'><strong>mi-</strong></span> 
     </span>
    </p>

    <p class='ocr_par' dir='ltr' id='par_1_9' title="bbox 308 3958 1503 4604">
     <span class='ocr_line' id='line_1_36' title="bbox 347 3958 1502 4035; baseline 0.004 -23"><span class='ocrx_word' id='word_1_262' title='bbox 347 3958 508 4030; x_wconf 80' lang='lat' dir='ltr'><strong>Csstigstur</strong></span> <span class='ocrx_word' id='word_1_263' title='bbox 521 3959 629 4014; x_wconf 87' lang='lat' dir='ltr'><strong>iuvenis</strong></span> <span class='ocrx_word' id='word_1_264' title='bbox 640 3959 790 4030; x_wconf 81' lang='lat' dir='ltr'><strong>Romanus,</strong></span> <span class='ocrx_word' id='word_1_265' title='bbox 807 3963 883 4033; x_wconf 89' lang='lat' dir='ltr'><strong>quod</strong></span> <span class='ocrx_word' id='word_1_266' title='bbox 934 3963 1019 4020; x_wconf 78' lang='lat' dir='ltr'><strong>litari.</strong></span> <span class='ocrx_word' id='word_1_267' title='bbox 1035 3995 1070 4006; x_wconf 91' lang='lat'><em>-</em></span> <span class='ocrx_word' id='word_1_268' title='bbox 1083 3968 1185 4035; x_wconf 78' lang='lat' dir='ltr'><strong>lupatis</strong></span> <span class='ocrx_word' id='word_1_269' title='bbox 1194 3965 1291 4034; x_wconf 71' lang='lat' dir='ltr'><strong>[rests]</strong></span> <span class='ocrx_word' id='word_1_270' title='bbox 1310 3965 1397 4020; x_wconf 80' lang='lat' dir='ltr'><strong>irenis</strong></span> <span class='ocrx_word' id='word_1_271' title='bbox 1413 3981 1502 4034; x_wconf 86' lang='lat' dir='ltr'><strong>esper-</strong></span> 
     </span>
     <span class='ocr_line' id='line_1_37' title="bbox 309 4027 1500 4107; baseline 0.004 -24"><span class='ocrx_word' id='word_1_272' title='bbox 309 4027 413 4099; x_wconf 78' lang='lat' dir='ltr'><strong>Lydise</strong></span> <span class='ocrx_word' id='word_1_273' title='bbox 427 4045 521 4084; x_wconf 80' lang='lat' dir='ltr'><strong>amore</strong></span> <span class='ocrx_word' id='word_1_274' title='bbox 539 4035 568 4084; x_wconf 89' lang='lat' dir='ltr'><strong>et</strong></span> <span class='ocrx_word' id='word_1_275' title='bbox 579 4031 722 4086; x_wconf 78' lang='lat' dir='ltr'><strong>illecebris</strong></span> <span class='ocrx_word' id='word_1_276' title='bbox 734 4035 883 4104; x_wconf 77' lang='lat' dir='ltr'><strong>tantopere</strong></span> <span class='ocrx_word' id='word_1_277' title='bbox 933 4035 1027 4090; x_wconf 83' lang='lat' dir='ltr'><strong>rimie:</strong></span> <span class='ocrx_word' id='word_1_278' title='bbox 1046 4036 1123 4092; x_wconf 85' lang='lat' dir='ltr'><strong>dicte</strong></span> <span class='ocrx_word' id='word_1_279' title='bbox 1142 4041 1235 4091; x_wconf 83' lang='lat' dir='ltr'><strong>sutem</strong></span> <span class='ocrx_word' id='word_1_280' title='bbox 1253 4037 1351 4107; x_wconf 78' lang='lat' dir='ltr'><strong>lupata</strong></span> <span class='ocrx_word' id='word_1_281' title='bbox 1368 4053 1386 4092; x_wconf 83' lang='lat' dir='ltr'><strong>a</strong></span> <span class='ocrx_word' id='word_1_282' title='bbox 1401 4034 1500 4106; x_wconf 87' lang='lat' dir='ltr'><strong>lupinis</strong></span> 
     </span>
     <span class='ocr_line' id='line_1_38' title="bbox 311 4101 1502 4183; baseline 0.001 -27"><span class='ocrx_word' id='word_1_283' title='bbox 311 4119 340 4156; x_wconf 82' lang='lat' dir='ltr'><strong>se</strong></span> <span class='ocrx_word' id='word_1_284' title='bbox 363 4101 467 4183; x_wconf 76' lang='lat' dir='ltr'><strong>irretiri</strong></span> <span class='ocrx_word' id='word_1_285' title='bbox 490 4117 588 4171; x_wconf 81' lang='lat' dir='ltr'><strong>pessus</strong></span> <span class='ocrx_word' id='word_1_286' title='bbox 607 4108 658 4168; x_wconf 87' lang='lat' dir='ltr'><strong>est,</strong></span> <span class='ocrx_word' id='word_1_287' title='bbox 687 4107 719 4157; x_wconf 90' lang='lat' dir='ltr'><strong>ut</strong></span> <span class='ocrx_word' id='word_1_288' title='bbox 744 4107 883 4176; x_wconf 87' lang='lat' dir='ltr'><strong>neglectis</strong></span> <span class='ocrx_word' id='word_1_289' title='bbox 933 4107 1073 4172; x_wconf 87' lang='lat' dir='ltr'><strong>dentibus,</strong></span> <span class='ocrx_word' id='word_1_290' title='bbox 1101 4126 1170 4177; x_wconf 89' lang='lat' dir='ltr'><strong>quos</strong></span> <span class='ocrx_word' id='word_1_291' title='bbox 1201 4109 1292 4162; x_wconf 84' lang='lat' dir='ltr'><strong>forma</strong></span> <span class='ocrx_word' id='word_1_292' title='bbox 1318 4107 1502 4163; x_wconf 75' lang='lat' dir='ltr'><strong>imitabantur.</strong></span> 
     </span>
     <span class='ocr_line' id='line_1_39' title="bbox 309 4171 1503 4248; baseline 0.004 -23"><span class='ocrx_word' id='word_1_293' title='bbox 309 4171 437 4228; x_wconf 86' lang='lat' dir='ltr'><strong>omnibus</strong></span> <span class='ocrx_word' id='word_1_294' title='bbox 454 4189 575 4243; x_wconf 86' lang='lat' dir='ltr'><strong>mganuo</strong></span> <span class='ocrx_word' id='word_1_295' title='bbox 595 4173 773 4230; x_wconf 77' lang='lat' dir='ltr'><strong>adolescente</strong></span> <span class='ocrx_word' id='word_1_296' title='bbox 788 4176 882 4247; x_wconf 85' lang='lat' dir='ltr'><strong>dignis</strong></span> <span class='ocrx_word' id='word_1_297' title='bbox 934 4209 967 4220; x_wconf 90' lang='lat'><em>-</em></span> <span class='ocrx_word' id='word_1_298' title='bbox 986 4181 1095 4234; x_wconf 79' lang='lat' dir='ltr'><strong>Gallica</strong></span> <span class='ocrx_word' id='word_1_299' title='bbox 1114 4179 1174 4248; x_wconf 82' lang='lat' dir='ltr'><strong>ora]</strong></span> <span class='ocrx_word' id='word_1_300' title='bbox 1194 4177 1315 4234; x_wconf 68' lang='lat' dir='ltr'><strong>Gallicos</strong></span> <span class='ocrx_word' id='word_1_301' title='bbox 1333 4195 1419 4248; x_wconf 85' lang='lat' dir='ltr'><strong>equos</strong></span> <span class='ocrx_word' id='word_1_302' title='bbox 1435 4178 1503 4233; x_wconf 84' lang='lat' dir='ltr'><strong>fero·</strong></span> 
     </span>
     <span class='ocr_line' id='line_1_40' title="bbox 309 4243 1502 4320; baseline 0.004 -22"><span class='ocrx_word' id='word_1_303' title='bbox 309 4243 417 4298; x_wconf 86' lang='lat' dir='ltr'><strong>artibus</strong></span> <span class='ocrx_word' id='word_1_304' title='bbox 447 4253 475 4298; x_wconf 89' lang='lat' dir='ltr'><strong>et</strong></span> <span class='ocrx_word' id='word_1_305' title='bbox 515 4245 746 4301; x_wconf 86' lang='lat' dir='ltr'><strong>xercitsticnibus</strong></span> <span class='ocrx_word' id='word_1_306' title='bbox 770 4247 826 4302; x_wconf 79' lang='lat' dir='ltr'><strong>iam</strong></span> <span class='ocrx_word' id='word_1_307' title='bbox 843 4250 881 4303; x_wconf 84' lang='lat' dir='ltr'><strong>le·</strong></span> <span class='ocrx_word' id='word_1_308' title='bbox 934 4267 981 4306; x_wconf 86' lang='lat' dir='ltr'><strong>ces</strong></span> <span class='ocrx_word' id='word_1_309' title='bbox 1001 4253 1031 4304; x_wconf 90' lang='lat' dir='ltr'><strong>et</strong></span> <span class='ocrx_word' id='word_1_310' title='bbox 1048 4250 1162 4315; x_wconf 85' lang='lat' dir='ltr'><strong>celeres,</strong></span> <span class='ocrx_word' id='word_1_311' title='bbox 1181 4267 1250 4320; x_wconf 86' lang='lat' dir='ltr'><strong>quos</strong></span> <span class='ocrx_word' id='word_1_312' title='bbox 1268 4250 1372 4306; x_wconf 86' lang='lat' dir='ltr'><strong>multos</strong></span> <span class='ocrx_word' id='word_1_313' title='bbox 1389 4267 1424 4305; x_wconf 84' lang='lat' dir='ltr'><strong>ex</strong></span> <span class='ocrx_word' id='word_1_314' title='bbox 1442 4247 1502 4304; x_wconf 82' lang='lat' dir='ltr'><strong>an·</strong></span> 
     </span>
     <span class='ocr_line' id='line_1_41' title="bbox 310 4315 1500 4390; baseline 0.004 -22"><span class='ocrx_word' id='word_1_315' title='bbox 310 4317 370 4369; x_wconf 83' lang='lat' dir='ltr'><strong>test</strong></span> <span class='ocrx_word' id='word_1_316' title='bbox 389 4315 463 4384; x_wconf 81' lang='lat' dir='ltr'><strong>apud</strong></span> <span class='ocrx_word' id='word_1_317' title='bbox 509 4315 674 4372; x_wconf 84' lang='lat' dir='ltr'><strong>ulierculsm</strong></span> <span class='ocrx_word' id='word_1_318' title='bbox 693 4317 752 4388; x_wconf 85' lang='lat' dir='ltr'><strong>ipss</strong></span> <span class='ocrx_word' id='word_1_319' title='bbox 776 4317 881 4374; x_wconf 86' lang='lat' dir='ltr'><strong>effemi·</strong></span> <span class='ocrx_word' id='word_1_320' title='bbox 932 4321 972 4376; x_wconf 85' lang='lat' dir='ltr'><strong>lis</strong></span> <span class='ocrx_word' id='word_1_321' title='bbox 988 4321 1106 4390; x_wconf 85' lang='lat' dir='ltr'><strong>petiisse</strong></span> <span class='ocrx_word' id='word_1_322' title='bbox 1115 4321 1256 4378; x_wconf 75' lang='lat' dir='ltr'><strong>Romanos</strong></span> <span class='ocrx_word' id='word_1_323' title='bbox 1269 4325 1391 4378; x_wconf 81' lang='lat' dir='ltr'><strong>constet.</strong></span> <span class='ocrx_word' id='word_1_324' title='bbox 1403 4317 1500 4386; x_wconf 79' lang='lat' dir='ltr'><strong>-nscl</strong></span> 
     </span>
     <span class='ocr_line' id='line_1_42' title="bbox 308 4387 1500 4464; baseline 0.008 -24"><span class='ocrx_word' id='word_1_325' title='bbox 308 4391 391 4442; x_wconf 77' lang='lat' dir='ltr'><strong>notus</strong></span> <span class='ocrx_word' id='word_1_326' title='bbox 410 4403 443 4441; x_wconf 85' lang='lat' dir='ltr'><strong>ec</strong></span> <span class='ocrx_word' id='word_1_327' title='bbox 460 4387 561 4443; x_wconf 89' lang='lat' dir='ltr'><strong>mollis.</strong></span> <span class='ocrx_word' id='word_1_328' title='bbox 603 4387 692 4456; x_wconf 77' lang='lat' dir='ltr'><strong>Quem</strong></span> <span class='ocrx_word' id='word_1_329' title='bbox 711 4405 770 4443; x_wconf 85' lang='lat' dir='ltr'><strong>rem</strong></span> <span class='ocrx_word' id='word_1_330' title='bbox 790 4389 881 4446; x_wconf 82' lang='lat' dir='ltr'><strong>artili-</strong></span> <span class='ocrx_word' id='word_1_331' title='bbox 931 4391 1008 4448; x_wconf 86' lang='lat' dir='ltr'><strong>Hscc</strong></span> <span class='ocrx_word' id='word_1_332' title='bbox 1035 4409 1145 4463; x_wconf 84' lang='lat' dir='ltr'><strong>quoque</strong></span> <span class='ocrx_word' id='word_1_333' title='bbox 1167 4393 1308 4464; x_wconf 76' lang='lat' dir='ltr'><strong>porticula</strong></span> <span class='ocrx_word' id='word_1_334' title='bbox 1329 4397 1361 4448; x_wconf 86' lang='lat' dir='ltr'><strong>ut</strong></span> <span class='ocrx_word' id='word_1_335' title='bbox 1384 4393 1500 4464; x_wconf 63' lang='lat' dir='ltr'><strong>cognata</strong></span> 
     </span>
     <span class='ocr_line' id='line_1_43' title="bbox 309 4457 1494 4540; baseline 0.008 -29"><span class='ocrx_word' id='word_1_336' title='bbox 309 4457 384 4540; x_wconf 77' lang='lat' dir='ltr'><strong>¹ciose</strong></span> <span class='ocrx_word' id='word_1_337' title='bbox 403 4458 443 4540; x_wconf 75' lang='lat' dir='ltr'><strong>ito</strong></span> <span class='ocrx_word' id='word_1_338' title='bbox 459 4457 583 4514; x_wconf 83' lang='lat' dir='ltr'><strong>instituit</strong></span> <span class='ocrx_word' id='word_1_339' title='bbox 600 4459 743 4526; x_wconf 78' lang='lat' dir='ltr'><strong>Horatius,</strong></span> <span class='ocrx_word' id='word_1_340' title='bbox 771 4466 880 4518; x_wconf 87' lang='lat' dir='ltr'><strong>utnon</strong></span> <span class='ocrx_word' id='word_1_341' title='bbox 931 4476 958 4519; x_wconf 79' lang='lat' dir='ltr'><strong>et</strong></span> <span class='ocrx_word' id='word_1_342' title='bbox 981 4465 1160 4534; x_wconf 83' lang='lat' dir='ltr'><strong>postponitur</strong></span> <span class='ocrx_word' id='word_1_343' title='bbox 1184 4482 1201 4518; x_wconf 82' lang='lat' dir='ltr'><strong>a</strong></span> <span class='ocrx_word' id='word_1_344' title='bbox 1224 4466 1326 4534; x_wconf 84' lang='lat' dir='ltr'><strong>poetis,</strong></span> <span class='ocrx_word' id='word_1_345' title='bbox 1354 4463 1390 4522; x_wconf 79' lang='lat' dir='ltr'><strong>et</strong></span> <span class='ocrx_word' id='word_1_346' title='bbox 1409 4465 1494 4520; x_wconf 74' lang='lat' dir='ltr'><strong>Germ·</strong></span> 
     </span>
     <span class='ocr_line' id='line_1_44' title="bbox 309 4531 1496 4604; baseline 0.004 -23"><span class='ocrx_word' id='word_1_347' title='bbox 309 4544 400 4582; x_wconf 82' lang='lat' dir='ltr'><strong>rsum</strong></span> <span class='ocrx_word' id='word_1_348' title='bbox 418 4546 547 4586; x_wconf 77' lang='lat' dir='ltr'><strong>iuvenem</strong></span> <span class='ocrx_word' id='word_1_349' title='bbox 562 4535 700 4604; x_wconf 70' lang='lat' dir='ltr'><strong>tangeret,</strong></span> <span class='ocrx_word' id='word_1_350' title='bbox 719 4531 770 4588; x_wconf 86' lang='lat' dir='ltr'><strong>sed</strong></span> <span class='ocrx_word' id='word_1_351' title='bbox 788 4533 818 4588; x_wconf 89' lang='lat' dir='ltr'><strong>in</strong></span> <span class='ocrx_word' id='word_1_352' title='bbox 827 4533 879 4602; x_wconf 83' lang='lat' dir='ltr'><strong>Ly·</strong></span> <span class='ocrx_word' id='word_1_353' title='bbox 928 4533 1067 4598; x_wconf 83' lang='lat' dir='ltr'><strong>111‚1s‚c.</strong></span> <span class='ocrx_word' id='word_1_354' title='bbox 1096 4537 1143 4603; x_wconf 87' lang='lat' dir='ltr'><strong>lv,</strong></span> <span class='ocrx_word' id='word_1_355' title='bbox 1156 4538 1183 4600; x_wconf 79' lang='lat' dir='ltr'><strong>t,</strong></span> <span class='ocrx_word' id='word_1_356' title='bbox 1195 4537 1236 4591; x_wconf 80' lang='lat'><strong>14.</strong></span> <span class='ocrx_word' id='word_1_357' title='bbox 1264 4563 1294 4575; x_wconf 89' lang='lat'><strong>·-</strong></span> <span class='ocrx_word' id='word_1_358' title='bbox 1320 4539 1420 4592; x_wconf 67' lang='lat' dir='ltr'><strong>sticum</strong></span> <span class='ocrx_word' id='word_1_359' title='bbox 1447 4533 1496 4588; x_wconf 83' lang='lat' dir='ltr'><strong>Lu·</strong></span> 
     </span>
    </p>
   </div>
   <div class='ocr_carea' id='block_1_9' title="bbox 477 3863 712 3922">
    <p class='ocr_par' dir='ltr' id='par_1_10' title="bbox 477 3863 712 3922">
     <span class='ocr_line' id='line_1_45' title="bbox 477 3863 712 3922; baseline 0.017 -5"><span class='ocrx_word' id='word_1_360' title='bbox 477 3865 621 3918; x_wconf 78' lang='lat' dir='ltr'><strong>Carmen</strong></span> <span class='ocrx_word' id='word_1_361' title='bbox 638 3863 712 3922; x_wconf 84' lang='lat' dir='ltr'>VIII.</span> 
     </span>
    </p>
   </div>
   <div class='ocr_carea' id='block_1_10' title="bbox 357 4599 1495 4680">
    <p class='ocr_par' dir='ltr' id='par_1_11' title="bbox 357 4599 1495 4680">
     <span class='ocr_line' id='line_1_46' title="bbox 357 4599 1495 4680; baseline 0.004 -28"><span class='ocrx_word' id='word_1_362' title='bbox 357 4614 385 4651; x_wconf 88' lang='lat' dir='ltr'><strong>m</strong></span> <span class='ocrx_word' id='word_1_363' title='bbox 415 4599 600 4658; x_wconf 82' lang='lat' dir='ltr'><strong>inveberetur.</strong></span> <span class='ocrx_word' id='word_1_364' title='bbox 653 4601 796 4660; x_wconf 86' lang='lat' dir='ltr'><strong>Incertum</strong></span> <span class='ocrx_word' id='word_1_365' title='bbox 825 4609 880 4671; x_wconf 85' lang='lat' dir='ltr'><strong>ost,</strong></span> <span class='ocrx_word' id='word_1_366' title='bbox 927 4607 1032 4662; x_wconf 81' lang='lat' dir='ltr'><strong>oteturi</strong></span> <span class='ocrx_word' id='word_1_367' title='bbox 1057 4606 1118 4664; x_wconf 90' lang='lat' dir='ltr'><strong>oleo</strong></span> <span class='ocrx_word' id='word_1_368' title='bbox 1140 4607 1329 4680; x_wconf 77' lang='lat' dir='ltr'><strong>ungebantur,</strong></span> <span class='ocrx_word' id='word_1_369' title='bbox 1355 4625 1391 4664; x_wconf 86' lang='lat' dir='ltr'><strong>ns</strong></span> <span class='ocrx_word' id='word_1_370' title='bbox 1429 4604 1495 4662; x_wconf 83' lang='lat' dir='ltr'><strong>soils</strong></span> 
     </span>
    </p>
   </div>
   <div class='ocr_carea' id='block_1_11' title="bbox 0 0 1568 5225">
    <p class='ocr_par' dir='ltr' id='par_1_12' title="bbox 0 0 1568 5225">
     <span class='ocr_line' id='line_1_47' title="bbox 0 0 1568 5225; baseline 0 0"><span class='ocrx_word' id='word_1_371' title='bbox 0 0 1568 5225; x_wconf 95' lang='lat' dir='ltr'><strong> </strong></span> 
     </span>
    </p>
   </div>
  </div>
 </body>
</html>
