3125 5225
470 936 877 1023 PRAEFATIO

545 1118 757 1189 unurcrue
777 1121 818 1188 11.

174 1426 278 1539 (lum
303 1464 450 1541 abhinc
476 1476 658 1565 quattuor
682 1464 793 1539 annis
820 1462 1023 1539 Horatium
1057 1461 1276 1537 scholarum

70 1590 108 1665 in
135 1616 250 1666 usum
278 1590 397 1667 edere
421 1589 616 1687 auderem,
636 1616 714 1665 non
740 1590 850 1665 licuit
873 1614 1037 1687 sperare,
1062 1600 1142 1663 tam
1168 1584 1277 1660 brevi

70 1727 247 1814 ternpore
273 1716 503 1815 interpositu
537 1717 624 1792 fore
659 1728 703 1790 ut
732 1740 856 1791 novae
881 1713 1057 1789 editionis
1081 1709 1277 1813 parandae

69 1864 211 1915 munus
238 1840 338 1915 mihi
363 1840 638 1941 imponeretur.
699 1840 812 1916 Nunc
835 1838 939 1939 quod
962 1840 1015 1913 ita
1035 1838 1185 1913 'facum
1208 1846 1275 1929 est,

68 1964 223 2040 duabus
249 1967 419 2041 maxime
446 1964 494 2042 de
520 1966 640 2042 causis
668 1966 927 2063 madssimum
951 1962 1047 2038 mihi
1083 1974 1157 2057 est3
1197 1960 1276 2059 pri·

67 2114 176 2164 mum
200 2090 309 2165 enim
334 2091 387 2165 ita
421 2089 604 2185 intellexi,
639 2116 765 2167 meam
803 2091 845 2166 in
883 2085 1171 2188 interpretando
1202 2085 1278 2160 hoc

69 2214 234 2289 amabili
260 2227 376 2313 poete
400 2216 565 2313 positam
591 2240 722 2292 curam
748 2242 821 2292 nec
856 2238 1013 2315 prorsus
1036 2213 1190 2288 inanem
1215 2212 1277 2287 fu·

71 2340 144 2413 ifle
162 2364 241 2415 nec
256 2338 492 2439 elegantium
524 2339 693 2417 iudicum
714 2352 992 2440 tantorumque
1007 2338 1277 2436 magistrorum

71 2464 359 2563 approbatione
383 2489 531 2561 carere;
558 2480 640 2540 tum
666 2468 906 2543 occasionem
930 2476 1063 2539 nactus
1089 2487 1178 2538 surn
1188 2487 1277 2559 per·

76 2615 190 2689 quam
217 2601 478 2689 opportunam
513 2589 686 2667 mutandi
718 2602 755 2666 et
789 2587 1020 2689 corrigendi,
1058 2585 1277 2689 ubicunque

74 2715 111 2789 in
136 2714 440 2813 interpretandis
466 2715 626 2816 singulis
664 2716 898 2792 carminibus
924 2713 1069 2789 locisve
1099 2711 1161 2787 vel
1194 2710 1278 2809 ipse

75 2839 239 2916 meliora
265 2839 428 2934 videbar
452 2843 641 2940 reperisse
668 2843 729 2918 vel
753 2841 918 2918 aliorum
951 2837 1186 2937 argumentis
1216 2861 1277 2912 ce·

74 2965 165 3042 dere
192 2989 302 3040 eram
329 2980 491 3042 coaaus.
518 2967 744 3044 Universum
766 2966 859 3042 libri
875 2977 1052 3040 naturam
1071 2964 1276 3038 rationem·

73 3116 147 3190 que
170 3089 453 3188 interpretandi
479 3115 556 3167 non
583 3091 702 3167 habui
729 3117 796 3166 cur
818 3104 1015 3186 mutarem,
1057 3113 1129 3164 nec
1162 3113 1277 3188 saepe

72 3219 223 3292 lactum
249 3228 316 3312 est,
341 3229 383 3290 ut
408 3219 447 3292 in
468 3219 641 3294 versibus
658 3217 813 3295 Horatii
836 3217 929 3315 ipsis
949 3217 1063 3292 lectio
1089 3218 1131 3292 in
1151 3217 1277 3315 prima

70 3341 247 3416 editione
281 3354 436 3440 recepta
458 3367 579 3418 nunc
614 3342 810 3418 videretur
849 3340 1116 3439 posthabenda
1153 3341 1274 3417 alteri.

70 3465 340 3566 Quaecunque
362 3467 509 3545 interea
534 3469 673 3567 scripta
699 3481 788 3544 sunt
814 3469 863 3544 de
888 3467 1061 3564 Horatio,
1088 3465 1276 3567 ea‚siqui·

71 3591 160 3667 dem
186 3591 238 3667 ad
266 3617 401 3668 manus
431 3619 534 3670 meae
561 3593 769 3694 oculosque
802 3594 951 3692 perlata
984 3606 1082 3689 sunt,
1122 3592 1202 3691 legi
1234 3591 1276 3666 in

72 3741 285 3816 meumque
318 3729 426 3792 usum
455 3731 676 3794 convertere
702 3719 849 3813 studui3
889 3721 931 3793 in
964 3743 1087 3817 eaque
1111 3743 1153 3792 re
1177 3715 1276 3791 mul·
1328 3743 1332 3749 ·

73 3855 152 3916 tum
188 3869 253 3918 me
290 3841 431 3920 debere
457 3843 641 3942 profiteor
673 3843 837 3938 Wabcro,
865 3843 1088 3935 Obbart'o*),
1117 3841 1274 3934 Orellio,

139 4119 166 4188 ³)
185 4117 305 4174 Publica
328 4117 463 4174 iudicium
480 4119 607 4175 tulerunt
624 4120 659 4176 de
683 4137 746 4176 meo
769 4120 846 4176 libro
866 4121 987 4174 Wsterur
1005 4118 1037 4173 in
1054 4116 1274 4189 aptannacus

77 4221 230 4274 [lumidus
246 4233 272 4271 a
297 4217 377 4270 1844.
416 4216 484 4272 Nou.
509 4215 561 4272 No.
581 4219 634 4273 285
652 4235 721 4288 sqq„
752 4221 884 4274 otbertus
901 4216 932 4270 in
953 4219 1044 4270 lutati
1061 4217 1131 4268 Ass.
1151 4212 1227 4265 1846.
1247 4213 1274 4266 7.

76 4313 160 4370 mv.
179 4317 204 4369 3.
223 4331 252 4384 p
267 4314 327 4368 259
345 4325 416 4381 sqq„
438 4315 678 4370 &attumulatus
698 4313 727 4368 iu
745 4313 854 4384 Mageri
870 4313 955 4378 libro,
972 4312 1021 4381 qui
1041 4309 1205 4366 inscribitur
1224 4311 1275 4362 lle·

76 4432 115 4467 uss
133 4413 208 4468 1846,
228 4411 350 4466 Ianuar.
367 4407 512 4478 Peumata
541 4409 642 4479 quibus
659 4409 830 4464 doctissimis
847 4409 916 4463 siris
939 4411 969 4462 et
986 4407 1062 4477 quod
1079 4403 1215 4462 benevole
1240 4403 1275 4458 de

18 4500 19 4504 ἵ
72 4527 122 4566 uso
138 4509 238 4567 labore
259 4484 429 4562 iudicarunt
444 4491 482 4558 et
492 4505 567 4574 quod
584 4521 641 4558 uun
660 4521 750 4574 pauca
766 4503 928 4558 indicarunt
945 4520 1016 4572 quae
1034 4499 1113 4570 sequi
1133 4500 1274 4560 deberem,

68 4609 187 4665 maximas
206 4619 295 4658 nuno
315 4613 374 4668 ago
392 4598 500 4668 gratiss
