3125 5225
540 289 630 357 LIB.
650 288 680 355 1.
701 288 799 360 SAT.
820 288 861 353 V.
1234 286 1296 353 377

148 476 277 576 Signis
300 480 488 580 perfacile
512 494 587 556 est:
613 480 719 555 venit
742 478 930 555 vilissima
955 504 1082 554 rerum

148 602 224 680 Hic
247 621 360 705 equa,
387 604 456 682 sed
481 605 591 704 penis
611 588 730 705 longe
754 603 1047 704 pulcherrimus,
1075 602 1177 677 ultra

99 761 125 799 so
151 727 325 807 Callidus
350 742 394 803 ut
418 729 541 807 soleat
564 730 735 807 humeris
760 740 915 828 portare
941 727 1098 821 viator3.

147 850 250 927 Nam
275 854 421 933 Canusi
444 853 652 952 lapidosus,
679 878 804 953 equae
828 879 907 929 non
933 852 1050 928 ditior
1076 877 1173 928 urna

98 997 103 1003 ’
151 974 230 1067 Qui
255 976 362 1055 locus
388 1006 413 1055 a
437 979 531 1055 forti
557 979 746 1055 Diomede
771 991 827 1054 est
853 978 1027 1053 conditus
1055 976 1158 1053 olim.

149 1100 350 1179 Flentibus
375 1104 466 1183 hinc
489 1104 626 1179 Varius
655 1104 815 1181 discedit
837 1115 1003 1179 moestus
1026 1102 1169 1178 amicis.

146 1224 246 1303 Inde
270 1227 400 1303 Rubos
425 1227 516 1303 fessi
541 1228 797 1327 pervenimus,
823 1238 955 1325 utpote
980 1224 1141 1325 longum

96 1380 122 1421 c
150 1350 359 1448 Carpentes
383 1350 456 1427 iter
480 1366 520 1427 et
544 1351 688 1427 factum
711 1350 927 1447 corruptius
951 1350 1078 1425 imbri.

148 1476 307 1551 Postera
327 1488 532 1573 tempestus
557 1475 704 1572 melior,
733 1475 795 1551 via
819 1475 929 1573 peior
955 1474 1005 1550 ad
1031 1500 1153 1574 usque

146 1600 241 1677 Bari
264 1600 419 1675 moenis
441 1600 599 1698 piscosi3
628 1600 718 1677 dein
745 1601 886 1681 Gnatia
911 1599 1098 1699 Lymphis

146 1724 260 1800 lintis
284 1732 474 1801 exstmete
500 1724 607 1801 dedit
631 1726 807 1825 risusque
832 1725 1026 1823 iocosque,

145 1850 248 1923 Dum
273 1846 430 1923 flamma
450 1848 532 1924 sine
559 1848 671 1924 thura
695 1848 906 1948 liquescere
930 1848 1062 1923 limine
1088 1874 1195 1925 sacro

96 2005 135 2041 ιω
145 1969 385 2049 Persuadere
409 1972 526 2070 cupit.
581 1972 725 2051 Credet
747 1972 913 2047 Iudaeus
941 1969 1092 2071 Apelle,

98 2152 231 2206 royemue
248 2135 285 2191 de
301 2133 415 2205 Nsples.
462 2133 501 2189 Ge
517 2134 627 2190 chemin
645 2152 677 2191 se
726 2151 783 2191 non
801 2134 913 2201 litteris,
933 2135 982 2191 scd
1002 2134 1037 2189 iis
1055 2134 1142 2206 signis
1156 2152 1226 2205 quse
1241 2139 1295 2193 stu·

96 2207 190 2279 dirige
217 2225 256 2263 en
280 2209 392 2263 sortsnt
415 2205 452 2261 dc
467 2205 613 2263 Benevent
628 2224 677 2262 sur
725 2207 778 2261 tim
797 2206 949 2261 adduntur.
978 2236 1012 2249 -
1042 2208 1155 2277 cantant]
1175 2207 1296 2264 dietate

94 2277 290 2348 Monlefuscoe
322 2276 345 2333 il
367 2294 450 2348 pesse
473 2294 526 2347 per
546 2277 676 2349 Pspurici
725 2278 886 2335 Benevento
906 2277 1001 2333 LXIV.
1023 2278 1062 2331 Μ.
1079 2277 1126 2347 Ρ.;
1150 2297 1224 2335 nunc
1244 2284 1297 2337 Ga·

95 2356 127 2407 et
143 2350 302 2413 llinbelln,
327 2354 434 2405 tourne
452 2348 481 2403 ln
499 2349 583 2405 heuto
598 2366 676 2405 mon·
726 2369 802 2405 neec.
828 2380 862 2392 -
891 2355 936 2419 qut
955 2348 1041 2417 loces]
1059 2350 1093 2403 ln
1110 2350 1164 2406 hoc
1181 2352 1242 2407 loco
1261 2368 1297 2407 nc

94 2426 184 2494 tegno
197 2418 327 2477 munde
348 2420 425 2490 (lopo
448 2419 483 2475 de
501 2419 622 2476 Dissolo
646 2424 676 2475 et
726 2438 805 2477 erres
823 2437 956 2492 compare
974 2420 1063 2477 Germ.
1075 2421 1123 2489 IV,
1140 2426 1166 2489 2,
1183 2424 1209 2478 b.
1229 2424 1258 2479 O.
1269 2424 1295 2479 S.

94 2492 215 2549 candus
237 2492 256 2547 ἰ
279 2511 319 2547 un
342 2492 400 2549 lieu
425 2492 538 2548 nomme
559 2496 675 2561 cresco,
726 2496 752 2557 9,
781 2492 830 2562 qui
853 2492 907 2547 hoc
931 2491 1044 2561 quidem
1061 2492 1202 2563 differunt,
1221 2494 1296 2564 quod

95 2567 145 2636 qni
163 2568 210 2621 cst
227 2564 256 2622 le
275 2567 407 2620 Triviam
425 2563 590 2620 mentionni
605 2563 675 2621 deus
725 2580 829 2621 nomen
859 2580 979 2634 quocum
1005 2564 1154 2620 relativum
1181 2565 1295 2622 coniun-

94 2640 123 2693 ic
139 2635 402 2694 admonente«
421 2635 477 2690 Et:
496 2635 543 2691 »si
559 2654 595 2692 en
612 2653 676 2707 per·
724 2636 847 2762 {endum
875 2641 917 2692 est
943 2636 1097 2706 praecedit.
1126 2667 1160 2676 —-
1196 2639 1295 2711 fletos]

95 2712 159 2766 tent
184 2707 223 2764 de
240 2707 360 2764 Τηνία)
387 2724 426 2764 ou
453 2723 485 2762 se
510 2707 604 2778 dirige
627 2725 676 2762 sur
750 2708 799 2762 ubi
818 2713 902 2772 (nune
927 2709 1008 2775 Ruso)
1034 2726 1051 2761 c
1071 2707 1189 2764 Canusio
1212 2709 1297 2764 distu-

94 2779 225 2844 Brimh,
242 2796 280 2834 on
296 2795 334 2832 ne
353 2783 453 2834 troam
471 2778 600 2834 dunsces
616 2777 676 2834 usl-
724 2779 795 2834 bont
811 2779 909 2835 xxiv.
936 2779 980 2834 vel
1004 2779 1059 2834 elio
1078 2781 1296 2837 aucorem

94 2852 154 2907 less
171 2849 328 2922 prolendes
348 2849 459 2906 d’entre
482 2854 573 2920 route,
588 2850 676 2920 prati·
726 2850 765 2906 M.
784 2850 816 2906 P.
833 2881 867 2891 -
887 2850 964 2922 Bari]
982 2845 1096 2906 Bsrium
1115 2851 1201 2921 (nunc
1220 2853 1297 2921 Bari)

96 2923 179 2980 cubic
196 2925 227 2977 el
249 2919 333 2976 iscile
355 2937 411 2991 que
437 2921 508 2978 celle
535 2921 585 2993 qui
610 2937 676 2976 oon·
724 2922 761 2976 cd
774 2939 851 2978 more
864 2923 958 2988 situm,
977 2921 1097 2978 eRubis
1107 2922 1213 2978 distem
1221 2923 1295 2979 XXI.

99 2993 199 3050 duit'e
215 2991 314 3050 secoli
329 3009 366 3046 on
386 2995 524 3058 Acesten,
549 2997 580 3050 et
601 2996 676 3049 cette
724 2993 764 3048 Μ.
787 2994 818 3050 P.
851 3023 881 3036 -
915 2994 1025 3062 Gnatia]
1051 2993 1181 3064 populari
1207 2994 1297 3050 forms

99 3065 168 3122 ville
183 3067 232 3120 est
247 3063 322 3120 iuste
337 3063 356 3118 i.
372 3064 566 3135 vingtquntre
584 3063 675 3120 milles
724 3083 777 3136 pro
798 3070 931 3138 Εςηαιίας
952 3081 969 3119 o
990 3065 1088 3134 pidum
1105 3065 1159 3120 fuit
1177 3082 1194 3120 e
1209 3066 1296 3121 Borio

99 3136 243 3192 moines
272 3134 308 3190 dc
331 3134 460 3192 distem
475 3135 512 3191 de
530 3135 673 3192 vaiec«
724 3141 863 3192 remotum
877 3135 953 3190 XXX
978 3135 1120 3200 11.Μ.Ρ.,
1138 3137 1296 3206 quodcum

97 3209 201 3278 Juque
226 3206 387 3277 suspicetur
408 3207 545 3277 oppidum
569 3207 674 3277 signifi·
724 3208 802 3263 dulci
830 3225 903 3278 equs
926 3211 1038 3262 careret
1059 3207 1140 3262 iretis
1164 3207 1296 3280 Lymphis

100 3285 197 3336 ccum
214 3295 277 3334 esee
295 3281 421 3334 daretem
439 3282 471 3333 st
487 3279 600 3335 scribit:
621 3279 676 3334 »Ce
723 3279 868 3335 conditum
886 3279 998 3334 dieitur.
1032 3279 1087 3334 Est
1105 3279 1188 3334 hodie
1205 3286 1296 3337 liece-

100 3353 175 3407 n'esl
190 3367 244 3420 pes
262 3347 291 3404 le
307 3348 444 3406 difficultis
461 3349 498 3406 de
516 3366 675 3420 prononcer
722 3355 780 3422 poll
808 3351 959 3407 secundum
981 3349 1193 3417 Romansllium,
1215 3355 1295 3406 Terre

97 3424 125 3479 le
141 3439 211 3478 nom
227 3421 265 3477 de
279 3424 358 3476 cette
367 3420 443 3488 ville,
459 3423 490 3476 ni
507 3421 544 3476 de
559 3422 587 3476 le
603 3421 675 3478 seire
724 3421 857 3477 d’Anorsc
886 3423 1038 3478 secundum
1061 3422 1295 3478 Welclrensrium.

95 3499 193 3550 entrer
217 3492 290 3548 dens
320 3509 359 3547 uu
384 3509 450 3547 vers
472 3494 525 3562 qui⁴
543 3493 596 3548 leit
613 3493 674 3548 dire
722 3493 880 3564 Incipiebst
907 3493 946 3548 ibi
970 3495 1017 3550 vie
1041 3493 1169 3564 Egnatio
1214 3493 1295 3565 Lym·

97 3564 243 3620 triones
261 3563 348 3632 qn’on
364 3565 673 3634 nepentlenommcr3
722 3564 795 3634 phse
820 3565 938 3620 latinum
965 3581 1067 3622 nomen
1094 3565 1167 3634 Nym
1186 3566 1295 3622 herum.

97 3638 118 3692 il
145 3641 192 3692 est
218 3634 413 3705 &videntque
437 3652 491 3706 per
512 3641 589 3691 cette
606 3633 674 3690 reti·
722 3635 765 3690 De
785 3635 837 3692 hoc
860 3635 963 3706 oppido
982 3637 1053 3692 Plin.
1066 3637 1100 3691 H.
1118 3636 1151 3691 N.
1200 3681 1206 3704 ‚
1229 3641 1294 3693 111:

95 3724 181 3764 cenos
197 3707 218 3760 il
235 3705 290 3762 rsit
308 3723 364 3762 nne
388 3705 572 3788 pleissnterie
591 3706 672 3762 boui·
724 3707 774 3762 ›ln
798 3706 942 3762 salentino
966 3709 1070 3778 oppido
1096 3709 1220 3779 Egnstis
1245 3711 1295 3766 im·

98 3780 192 3842 lonne,
208 3794 258 3832 sur
274 3778 303 3832 lc
320 3777 510 3849 signification
528 3778 564 3834 de
582 3781 672 3834 culm
721 3779 814 3850 posito
833 3778 910 3849 ligno
924 3779 954 3833 in
967 3797 1064 3834 sexum
1077 3782 1207 3852 protinus
1218 3780 1294 3836 flem-

97 3853 144 3920 qni
165 3848 288 3906 termine
307 3849 334 3904 le
350 3866 418 3904 nom
437 3849 507 3919 qu’il
524 3849 672 3905 s'ebstient
720 3867 795 3904 mum
812 3851 970 3906 exsistere«
991 3879 1025 3894 —
1037 3857 1144 3921 menna
1164 3853 1234 3923 stne]
1252 3853 1295 3907 De

96 3922 242 3978 d’eorire«
299 3919 340 3974 Et
366 3920 486 3976 deinde:
517 3921 672 3991 ›horsqu'il
720 3921 931 3992 praepositione
965 3923 1123 3993 postposite
1158 3924 1222 3980 vide
1258 3924 1295 3980 ed

98 3991 272 4065 (Gepmnlin
289 3991 334 4048 -de
352 3992 477 4062 Cheupy)
496 3993 580 4048 visits
598 3997 672 4047 celle
723 3993 870 4056 cumin,
889 3996 913 4055 Β,
929 3996 969 4048 ll.
990 4025 1023 4034 -
1045 3997 1159 4049 ludam
1182 3995 1292 4066 Apella]

96 4063 338 4133 villelmum),
358 4080 397 4119 on
413 4063 485 4119 eterit
501 4063 596 4134 obligi
606 4064 672 4118 d'sl·
721 4064 823 4134 Apelle
839 4064 966 4120 libertini
983 4083 1093 4122 nomen.
1129 4065 1239 4121 Iudaeis
1258 4068 1294 4122 sb

96 4138 146 4202 ler,
164 4153 202 4192 nu
219 4151 323 4205 moyen
340 4133 378 4190 de
401 4137 483 4190 bites
505 4135 541 4190 de
558 4152 671 4200 somme,
721 4137 852 4206 hugum
879 4153 1043 4191 eoncessum
1064 4141 1108 4191 est
1135 4142 1168 4190 ut
1195 4136 1225 4191 in
1251 4153 1294 4192 re·

96 4207 234 4264 chonober
242 4207 315 4262 l'm
325 4206 376 4276 qui
384 4206 470 4277 juillit
478 4207 562 4262 d’une
570 4223 671 4262 somce
720 4207 804 4277 gione
822 4206 1032 4262 Transtiberina
1050 4207 1218 4264 habitarent.
1245 4208 1294 4264 Di·

95 4297 131 4335 su
145 4279 215 4350 pied
232 4279 270 4336 de
288 4280 319 4333 le
337 4282 500 4350 montegne.
543 4277 599 4334 Les
624 4295 671 4333 en·
720 4278 874 4348 utigitur,
893 4279 1030 4334 eiusmodi
1047 4278 1190 4334 miraculis
1208 4280 1294 4334 nemi-

96 4352 190 4408 enom
207 4349 408 4422 produissient
423 4349 458 4406 ds
469 4350 542 4406 besu
550 4350 672 4405 lroment
719 4367 785 4405 nem
805 4347 889 4405 fidem
907 4366 988 4420 posse
1007 4350 1111 4406 hebere
1129 4349 1292 4406 nisicredn·

95 4427 125 4479 et
141 4441 180 4478 on
196 4441 214 4493 y
229 4421 566 4493 umgeutdoueebon
577 4422 669 4491 pu'ns
721 4422 780 4478 lum
874 4422 986 4492 ioueque
1012 4421 1069 4476 arti
1095 4421 1223 4477 deditum
1249 4422 1293 4477 Iu-

96 4495 151 4551 Sed
174 4495 212 4550 de
235 4495 290 4552 hcc
314 4509 429 4563 quoque
445 4493 587 4550 sententis
603 4494 670 4548 licet
720 4493 829 4548 dueum.
883 4493 930 4547 lin.
949 4493 982 4548 H.
1002 4493 1035 4550 N.
1055 4491 1154 4558 xxxi,
1176 4496 1205 4547 1:
1225 4494 1293 4550 »Est

95 4565 232 4636 esuum,
254 4568 301 4623 its
325 4567 362 4620 ut
385 4563 456 4620 nibil
471 4564 575 4620 moso·
591 4564 669 4634 qnod
717 4571 747 4620 et
771 4564 827 4620 ulis
852 4581 898 4620 mu
920 4565 975 4620 'ces
997 4564 1082 4620 factio
1105 4565 1235 4634 sMoyse
1264 4569 1293 4620 et

94 4656 144 4709 pro
159 4646 239 4699 certo
255 4635 387 4696 rendere
403 4635 667 4708 sudeus-utputa]
715 4636 813 4694 Iamne
840 4641 870 4692 et
908 4640 992 4706 otupe
1019 4633 1128 4692 ludaeis
1158 4637 1290 4707 pendens,
