3125 5225
427 250 515 316 LIB.
535 250 604 318 III.
623 250 762 318 CARM.
778 249 838 316 IX.
854 249 896 314 X.
1197 249 1257 314 191

212 435 449 537 Quamquam
473 437 600 513 sidere
619 437 818 536 pulchrior
1072 527 1074 530 Ι

312 562 385 638 Ille
410 577 476 660 est,
502 576 544 638 tu
566 563 689 640 levior
715 565 855 639 cortice
882 575 920 638 et
945 563 1122 661 improbo

213 687 437 764 Iracundior
461 689 624 785 Hadria,

311 816 454 890 Tecum
478 816 608 890 vivere
634 841 769 910 amem,
796 827 921 889 tecum
949 813 1085 888 obeam
1109 811 1245 887 libens.

615 1037 715 1048 ——-—

474 1307 481 1318 .
523 1233 713 1321 Canusii
745 1237 797 1320 Χ.

259 1399 481 1474 Extremum
506 1399 653 1476 Tanain
679 1401 712 1474 si
737 1375 900 1493 biberes,
928 1396 1044 1496 Lyce,

260 1523 382 1600 Saevo
408 1513 530 1622 nupta
555 1524 649 1622 viro,
674 1550 737 1599 me
761 1537 890 1599 tamen
915 1547 1068 1620 asperas

262 1648 484 1725 Porrectum
507 1650 722 1726 anteferes
748 1649 917 1724 obiicere
943 1647 1078 1722 incolis

360 1772 536 1850 Plorares
561 1772 835 1875 Aquilonibus.

227 1973 241 2011 a
262 1939 387 2016 Audis
413 1967 491 2041 quo
516 1942 677 2040 strepitu
702 1941 829 2038 ianua,
853 1964 933 2039 quo
959 1965 1092 2015 nemus

256 2067 366 2144 inter
391 2068 553 2168 pulchra
578 2081 702 2143 satum
726 2081 826 2144 tecta
848 2068 1037 2166 remugiat

256 2194 404 2289 Ventis,
432 2205 470 2268 et
493 2193 636 2291 positas
663 2207 706 2267 ut
731 2193 873 2291 glaciet
897 2193 1003 2266 nives

359 2319 462 2392 Puro
486 2319 643 2393 numine
667 2319 868 2418 Iuppiter?
949 2405 959 2418 ἣ

257 2485 456 2584 ingratam
481 2484 621 2560 Veneri
645 2511 749 2584 pone
775 2484 1005 2584 superbiam,

73 2720 244 2792 redintegrati
264 2720 378 2776 amoris.
406 2721 441 2776 ct
460 2720 636 2788 Carm.I.33‚
687 2720 803 2789 tenitas]
831 2720 982 2789 Aquilones
1007 2721 1136 2791 quoniam
1163 2722 1192 2776 in
1216 2738 1263 2793 ge-

75 2796 107 2846 ll.
122 2794 152 2847 ln
168 2792 358 2863 sequentibus
375 2794 469 2847 verbis
487 2792 572 2847 Chloe
590 2810 637 2847 ex·
687 2790 745 2845 lida
771 2790 885 2861 Scythia
909 2790 977 2847 flare
1009 2793 1114 2861 solent,
1148 2794 1262 2864 egregie

72 2866 163 2919 entitur
181 2882 241 2919 non
259 2863 347 2919 domo
365 2864 413 2919 sed
437 2867 561 2935 pectore,
590 2864 636 2921 dc·
686 2863 746 2917 eius
779 2862 902 2933 regionis
932 2864 1039 2919 incolae
1075 2865 1260 2934 appellantur.

71 2935 123 2991 inde
148 2942 271 2993 retectae
308 2938 410 3004 Lydiae
441 2935 553 2990 dativus
583 2939 636 3000 cst,
685 2934 749 2987 Non
757 2934 879 2989 multum
890 2934 1017 2990 diversus
1027 2936 1105 2991 locus
1116 2939 1161 2990 est
1171 2937 1260 2991 carm.

71 3024 115 3061 non
131 3008 284 3079 genitivus.
298 3038 328 3047 ·-
343 3006 475 3078 improbo]
494 3006 635 3077 Quidquid
685 3004 707 3072 1,
728 3009 770 3073 16,
789 3008 813 3061 6.
837 3036 871 3046 -
898 3009 999 3077 scmus]
1029 3010 1073 3061 esi
1097 3008 1262 3062 viridarium

71 3079 168 3134 nodum
188 3077 316 3141 excedit,
337 3077 497 3147 improbum
515 3082 636 3149 estpoe·
685 3077 715 3131 in
735 3076 834 3131 domus
851 3076 986 3147 impluvio
1003 3080 1169 3148 plantatum,
1196 3096 1262 3142 non,

71 3149 107 3204 tis.
138 3150 173 3206 ct
194 3150 280 3219 Virg.
298 3149 402 3220 Georg.
413 3149 436 3216 1,
449 3152 508 3205 146.
518 3152 580 3207 388.
607 3182 634 3191 -
686 3148 763 3217 quod
780 3148 848 3204 olim
864 3150 955 3203 risum
974 3154 1027 3213 est,
1055 3153 1197 3215 solariam,
1226 3150 1262 3205 dc

71 3227 211 3277 firmior
253 3220 355 3276 Talem
373 3238 403 3275 se
422 3222 483 3290 ipse
500 3221 636 3277 describit
686 3237 741 3288 quo
756 3219 865 3275 Seneca
884 3220 978 3275 Gontr.
992 3238 1051 3275 exc.
1061 3218 1092 3285 V,
1106 3223 1137 3275 5:
1159 3220 1262 3277 »Alunt

70 3289 185 3347 Horatius
229 3294 303 3363 pist.
317 3292 449 3361 1,20,25.
685 3290 716 3345 in
736 3292 850 3346 summis
875 3291 1044 3379 culminibus
1070 3292 1189 3377 mentita
1215 3310 1262 3348 ne·

242 3406 399 3461 ΟΜΝΗ
415 3404 451 3459 Χ·
685 3379 775 3489 disi«
795 3368 826 3489 ii
843 3363 1262 3504 ididgiiiiinisaiiimiidi

97 3496 182 3555 Unum
199 3500 259 3557 hoc
278 3500 440 3570 exemplum
456 3500 636 3556 estHoratia·
685 3506 785 3560 vivunt
810 3508 910 3559 contra
935 3510 1066 3561 naturam
1095 3508 1143 3577 qui
1168 3524 1263 3577 pomc-

69 3586 122 3623 uun
147 3589 182 3627 ex
218 3574 381 3628 carminum
408 3590 526 3642 genere,
560 3572 636 3642 quod
686 3576 729 3630 ria
745 3577 775 3631 in
795 3576 906 3631 summis
918 3578 1044 3633 turribus
1055 3578 1175 3633 serunt?
1193 3596 1262 3649 qno·

69 3647 322 3715 παρακλαυσίθυρον
360 3642 536 3712 nominatur-3
579 3660 635 3712 quo
684 3665 747 3702 rum
774 3648 860 3703 silvae
888 3648 917 3702 in
946 3650 1028 3703 tectis
1056 3650 1203 3705 domorum
1229 3667 1262 3705 ac

68 3717 152 3778 poetae
181 3722 330 3771 amatores
364 3714 511 3769 imitantur
544 3715 636 3784 prima
684 3717 806 3789 fastigiis
823 3719 963 3773 nutanti«
1010 3720 1053 3775 De
1070 3720 1203 3777 viridario
1225 3720 1261 3776 cf.

67 3789 136 3837 nocte
154 3787 191 3841 ad
210 3788 332 3842 ianuam
352 3785 506 3840 difficilium
529 3785 635 3856 puella·
682 3788 773 3860 Epist.
784 3790 805 3855 1,
818 3794 859 3855 10,
871 3794 914 3845 22.
942 3820 970 3831 -
998 3792 1094 3863 centis]
1121 3792 1261 3849 ablativus

68 3868 118 3908 rum
136 3862 242 3913 stantes
261 3856 430 3926 miserisque
449 3858 494 3911 rel
502 3858 634 3927 precibus
684 3866 729 3916 est
746 3878 855 3917 causae.
876 3892 907 3901 -·
930 3862 1041 3933 glaciet]
1068 3863 1113 3918 Ad
1129 3863 1183 3919 hoc
1200 3881 1261 3919 ver-

67 3926 103 3979 ral
130 3929 212 3985 minis
248 3928 375 4001 gratiam
409 3928 635 3983 muliercularum
683 3932 752 3987 bum
781 3950 846 3986 cum
873 3931 993 3987 alterum
1019 3934 1095 4003 quod
1113 3935 1259 4005 praecedit

67 4004 204 4055 nocentes.
255 4000 346 4055 Cuius
377 4000 490 4069 quidem
523 4000 635 4070 generis
685 4006 765 4059 aedis
785 4004 898 4059 omnino
921 4008 1016 4073 aptum
1039 4022 1095 4060 non
1123 4006 1260 4070 videatur,

69 4070 158 4125 nertio
175 4073 287 4128 iniecta
311 4076 356 4125 cst
372 4071 462 4126 Germ
479 4071 501 4137 1,
512 4074 583 4136 25,7
593 4089 634 4142 sq.
685 4092 803 4147 zeugma
827 4076 856 4129 in
879 4074 1018 4131 hocloco
1044 4077 1137 4133 inesse
1159 4081 1261 4147 putant

68 4137 235 4214 litttosq.
686 4146 907 4217 eliciendumque
935 4162 969 4201 ex
1000 4152 1079 4204 audis
1107 4165 1261 4203 accommo-

96 4212 159 4268 Ἠ.
186 4220 353 4270 &trenam
374 4212 487 4293 tanain]
514 4211 634 4268 Etiamsi
685 4218 777 4273 datim
809 4218 927 4274 verbum
964 4224 1057 4287 sentis,
1095 4236 1261 4291 quamquam

69 4276 174 4364 barbare
197 4302 280 4342 asses
309 4301 328 4338 a
356 4282 518 4365 mitiorique
551 4301 634 4339 sensu
684 4290 776 4345 nivem
804 4291 833 4345 in
866 4288 985 4361 glaciem
1016 4291 1143 4347 converti
1175 4293 1261 4347 etiam

70 4352 153 4436 altena,
180 4374 227 4412 mc
246 4373 336 4413 saevo
357 4354 460 4424 frigori
477 4356 634 4425 oppositum
686 4362 809 4429 cuditur,
827 4362 915 4416 veluti
934 4362 1062 4432 vestigiis
1079 4366 1262 4433 praetereun-

70 4436 202 4495 exeiperes.
219 4430 265 4484 Dc
284 4429 377 4483 verbo
398 4426 634 4482 assentiscens
684 4432 763 4487 tium,
809 4432 867 4489 Nec
892 4434 964 4487 bene
985 4434 1182 4504 excogitarunt
1199 4451 1261 4489 ver·

72 4492 307 4567 term.11,ao,20.
339 4528 374 4538 -
404 4518 515 4569 asperas
543 4502 631 4571 [cres]
683 4503 751 4558 bum
770 4510 864 4570 sentis,
884 4503 1014 4573 quoniam
1024 4504 1099 4573 Lyce
1109 4505 1182 4562 bene
1201 4522 1260 4561 mu·

71 4564 99 4618 ct
119 4569 202 4640 Epod.
222 4576 268 4641 11,
287 4574 334 4625 22
367 4599 400 4607 -
430 4570 524 4625 tacetis
551 4575 634 4644 Aqui·
683 4574 744 4629 nita
760 4574 877 4631 sedebat
895 4593 912 4630 a
929 4574 1035 4646 frigore
1053 4579 1082 4630 et
1099 4576 1171 4633 nive.
