<?xml version="1.0" encoding="UTF-8"?>
<!DOCTYPE html PUBLIC "-//W3C//DTD XHTML 1.0 Transitional//EN"
    "http://www.w3.org/TR/xhtml1/DTD/xhtml1-transitional.dtd">
<html xmlns="http://www.w3.org/1999/xhtml" xml:lang="en" lang="en">
 <head>
  <title>
</title>
<meta http-equiv="Content-Type" content="text/html;charset=utf-8" />
  <meta name='ocr-system' content='tesseract 3.04.00' />
  <meta name='ocr-capabilities' content='ocr_page ocr_carea ocr_par ocr_line ocrx_word'/>
</head>
<body>
  <div class='ocr_page' id='page_1' title='image "./qhoratiiflaccio01dillgoog/qhoratiiflaccio01dillgoog_0201.png"; bbox 0 0 3125 5225; ppageno 0'>
   <div class='ocr_carea' id='block_1_1' title="bbox 452 299 1261 370">
    <p class='ocr_par' dir='ltr' id='par_1_1' title="bbox 452 299 1261 370">
     <span class='ocr_line' id='line_1_1' title="bbox 452 299 1261 370; baseline -0.006 -1"><span class='ocrx_word' id='word_1_1' title='bbox 452 301 540 369; x_wconf 88' lang='lat' dir='ltr'>LIB.</span> <span class='ocrx_word' id='word_1_2' title='bbox 561 299 629 368; x_wconf 95' lang='grc' dir='ltr'>ΙΠ.</span> <span class='ocrx_word' id='word_1_3' title='bbox 652 299 792 370; x_wconf 79' lang='grc' dir='ltr'><strong>ΟΑΒΜ.</strong></span> <span class='ocrx_word' id='word_1_4' title='bbox 808 301 876 368; x_wconf 93' lang='grc' dir='ltr'>ΠΙ.</span> <span class='ocrx_word' id='word_1_5' title='bbox 1200 299 1261 366; x_wconf 87' lang='grc'>169</span> 
     </span>
    </p>
   </div>
   <div class='ocr_carea' id='block_1_2' title="bbox 220 489 1094 1482">
    <p class='ocr_par' dir='ltr' id='par_1_2' title="bbox 220 489 1094 1482">
     <span class='ocr_line' id='line_1_2' title="bbox 265 489 1094 587; baseline -0.005 -21"><span class='ocrx_word' id='word_1_6' title='bbox 265 492 349 566; x_wconf 89' lang='lat' dir='ltr'>Hac</span> <span class='ocrx_word' id='word_1_7' title='bbox 374 503 412 567; x_wconf 91' lang='lat' dir='ltr'>te</span> <span class='ocrx_word' id='word_1_8' title='bbox 437 502 658 586; x_wconf 87' lang='lat' dir='ltr'>merentem,</span> <span class='ocrx_word' id='word_1_9' title='bbox 684 489 833 566; x_wconf 89' lang='lat' dir='ltr'>Bacche</span> <span class='ocrx_word' id='word_1_10' title='bbox 858 503 978 587; x_wconf 84' lang='lat' dir='ltr'>pater,</span> <span class='ocrx_word' id='word_1_11' title='bbox 1006 499 1094 563; x_wconf 89' lang='lat' dir='ltr'>tuae</span> 
     </span>
     <span class='ocr_line' id='line_1_3' title="bbox 262 613 893 714; baseline -0.003 -24"><span class='ocrx_word' id='word_1_12' title='bbox 262 616 409 692; x_wconf 82' lang='lat' dir='ltr'>Vertere</span> <span class='ocrx_word' id='word_1_13' title='bbox 431 616 549 714; x_wconf 84' lang='lat' dir='ltr'>tigres</span> <span class='ocrx_word' id='word_1_14' title='bbox 574 614 734 691; x_wconf 77' lang='lat' dir='ltr'>indocili</span> <span class='ocrx_word' id='word_1_15' title='bbox 758 613 893 714; x_wconf 85' lang='lat' dir='ltr'>iugum</span> 
     </span>
     <span class='ocr_line' id='line_1_4' title="bbox 225 739 971 836; baseline 0.003 -22"><span class='ocrx_word' id='word_1_16' title='bbox 225 777 249 816; x_wconf 68' lang='lat' dir='ltr'>rs</span> <span class='ocrx_word' id='word_1_17' title='bbox 315 740 426 820; x_wconf 83' lang='lat' dir='ltr'>Collo</span> <span class='ocrx_word' id='word_1_18' title='bbox 452 740 663 836; x_wconf 81' lang='lat' dir='ltr'>trahentes3</span> <span class='ocrx_word' id='word_1_19' title='bbox 690 739 763 816; x_wconf 87' lang='lat' dir='ltr'>hae</span> <span class='ocrx_word' id='word_1_20' title='bbox 789 739 971 832; x_wconf 80' lang='lat' dir='ltr'>Quirinus</span> 
     </span>
     <span class='ocr_line' id='line_1_5' title="bbox 290 862 1015 967; baseline 0 -24"><span class='ocrx_word' id='word_1_21' title='bbox 290 927 299 943; x_wconf 79' lang='lat'>.</span> <span class='ocrx_word' id='word_1_22' title='bbox 328 959 332 964; x_wconf 14' lang='grc' dir='ltr'>ι</span> <span class='ocrx_word' id='word_1_23' title='bbox 361 868 497 944; x_wconf 86' lang='lat' dir='ltr'>Martis</span> <span class='ocrx_word' id='word_1_24' title='bbox 523 867 631 967; x_wconf 90' lang='lat' dir='ltr'>equis</span> <span class='ocrx_word' id='word_1_25' title='bbox 656 862 878 944; x_wconf 73' lang='lat' dir='ltr'><strong>Acheronta</strong></span> <span class='ocrx_word' id='word_1_26' title='bbox 902 869 1015 966; x_wconf 83' lang='lat' dir='ltr'>fugit,</span> 
     </span>
     <span class='ocr_line' id='line_1_6' title="bbox 264 1015 919 1097; baseline -0.008 0"><span class='ocrx_word' id='word_1_27' title='bbox 264 1020 427 1097; x_wconf 81' lang='lat' dir='ltr'><strong>Gratum</strong></span> <span class='ocrx_word' id='word_1_28' title='bbox 453 1015 605 1092; x_wconf 88' lang='lat' dir='ltr'>elocuta</span> <span class='ocrx_word' id='word_1_29' title='bbox 629 1016 919 1092; x_wconf 87' lang='lat' dir='ltr'>consiliantibus</span> 
     </span>
     <span class='ocr_line' id='line_1_7' title="bbox 261 1131 818 1230; baseline 0.004 -24"><span class='ocrx_word' id='word_1_30' title='bbox 261 1133 410 1208; x_wconf 91' lang='lat' dir='ltr'>Iunone</span> <span class='ocrx_word' id='word_1_31' title='bbox 435 1131 555 1208; x_wconf 85' lang='lat' dir='ltr'>divis:</span> <span class='ocrx_word' id='word_1_32' title='bbox 577 1131 690 1230; x_wconf 86' lang='lat' dir='ltr'>Ilion,</span> <span class='ocrx_word' id='word_1_33' title='bbox 716 1133 818 1210; x_wconf 89' lang='lat' dir='ltr'>Ilion</span> 
     </span>
     <span class='ocr_line' id='line_1_8' title="bbox 311 1255 856 1358; baseline 0.002 -26"><span class='ocrx_word' id='word_1_34' title='bbox 311 1255 450 1332; x_wconf 80' lang='lat' dir='ltr'>Fatalis</span> <span class='ocrx_word' id='word_1_35' title='bbox 475 1256 719 1358; x_wconf 78' lang='lat' dir='ltr'>incestusque</span> <span class='ocrx_word' id='word_1_36' title='bbox 738 1258 856 1334; x_wconf 87' lang='lat' dir='ltr'>iudex</span> 
     </span>
     <span class='ocr_line' id='line_1_9' title="bbox 220 1379 942 1482; baseline 0.003 -26"><span class='ocrx_word' id='word_1_37' title='bbox 220 1417 246 1456; x_wconf 77' lang='lat' dir='ltr'>s</span> <span class='ocrx_word' id='word_1_38' title='bbox 362 1383 410 1457; x_wconf 82' lang='lat' dir='ltr'>Et</span> <span class='ocrx_word' id='word_1_39' title='bbox 435 1379 575 1457; x_wconf 89' lang='lat' dir='ltr'>mulier</span> <span class='ocrx_word' id='word_1_40' title='bbox 599 1383 805 1482; x_wconf 85' lang='lat' dir='ltr'>peregrina</span> <span class='ocrx_word' id='word_1_41' title='bbox 830 1384 942 1464; x_wconf 78' lang='lat' dir='ltr'>uertit</span> 
     </span>
    </p>
   </div>
   <div class='ocr_carea' id='block_1_3' title="bbox 258 1530 1100 2007">
    <p class='ocr_par' dir='ltr' id='par_1_3' title="bbox 258 1530 1100 2007">
     <span class='ocr_line' id='line_1_10' title="bbox 261 1530 1037 1631; baseline 0.005 -25"><span class='ocrx_word' id='word_1_42' title='bbox 261 1530 308 1606; x_wconf 90' lang='lat' dir='ltr'>In</span> <span class='ocrx_word' id='word_1_43' title='bbox 337 1530 548 1630; x_wconf 85' lang='lat' dir='ltr'>pulverem,</span> <span class='ocrx_word' id='word_1_44' title='bbox 575 1557 622 1606; x_wconf 88' lang='lat' dir='ltr'>ex</span> <span class='ocrx_word' id='word_1_45' title='bbox 647 1557 725 1631; x_wconf 94' lang='lat' dir='ltr'>quo</span> <span class='ocrx_word' id='word_1_46' title='bbox 752 1531 922 1608; x_wconf 82' lang='lat' dir='ltr'>destituit</span> <span class='ocrx_word' id='word_1_47' title='bbox 945 1533 1037 1610; x_wconf 89' lang='lat' dir='ltr'>deos</span> 
     </span>
     <span class='ocr_line' id='line_1_11' title="bbox 258 1657 960 1756; baseline 0 -22"><span class='ocrx_word' id='word_1_48' title='bbox 258 1657 440 1734; x_wconf 79' lang='lat' dir='ltr'>Mercede</span> <span class='ocrx_word' id='word_1_49' title='bbox 465 1671 580 1756; x_wconf 83' lang='lat' dir='ltr'>pacta</span> <span class='ocrx_word' id='word_1_50' title='bbox 599 1658 836 1755; x_wconf 83' lang='lat' dir='ltr'>Laomedon,</span> <span class='ocrx_word' id='word_1_51' title='bbox 864 1659 960 1734; x_wconf 87' lang='lat' dir='ltr'>mihi</span> 
     </span>
     <span class='ocr_line' id='line_1_12' title="bbox 314 1783 1001 1882; baseline -0.001 -20"><span class='ocrx_word' id='word_1_52' title='bbox 314 1785 530 1882; x_wconf 83' lang='lat' dir='ltr'>Castaeque</span> <span class='ocrx_word' id='word_1_53' title='bbox 556 1783 778 1858; x_wconf 87' lang='lat' dir='ltr'>damnatum</span> <span class='ocrx_word' id='word_1_54' title='bbox 803 1785 1001 1861; x_wconf 88' lang='lat' dir='ltr'>Minervae</span> 
     </span>
     <span class='ocr_line' id='line_1_13' title="bbox 321 1907 1100 2007; baseline 0.003 -20"><span class='ocrx_word' id='word_1_55' title='bbox 321 1988 326 1997; x_wconf 75' lang='grc'><strong>,</strong></span> <span class='ocrx_word' id='word_1_56' title='bbox 361 1909 460 1987; x_wconf 88' lang='lat' dir='ltr'>Cum</span> <span class='ocrx_word' id='word_1_57' title='bbox 485 1907 632 2007; x_wconf 89' lang='lat' dir='ltr'>populo</span> <span class='ocrx_word' id='word_1_58' title='bbox 659 1919 696 1984; x_wconf 89' lang='lat' dir='ltr'>et</span> <span class='ocrx_word' id='word_1_59' title='bbox 719 1909 815 1985; x_wconf 90' lang='lat' dir='ltr'>duee</span> <span class='ocrx_word' id='word_1_60' title='bbox 842 1909 1100 1989; x_wconf 87' lang='lat' dir='ltr'>fraudulento.</span> 
     </span>
    </p>
   </div>
   <div class='ocr_carea' id='block_1_4' title="bbox 218 2057 1089 2282">
    <p class='ocr_par' dir='ltr' id='par_1_4' title="bbox 218 2057 1089 2282">
     <span class='ocr_line' id='line_1_14' title="bbox 218 2057 1089 2156; baseline 0.006 -24"><span class='ocrx_word' id='word_1_61' title='bbox 218 2091 245 2132; x_wconf 68' lang='lat' dir='ltr'>a</span> <span class='ocrx_word' id='word_1_62' title='bbox 262 2057 349 2132; x_wconf 86' lang='lat' dir='ltr'>Iam</span> <span class='ocrx_word' id='word_1_63' title='bbox 372 2083 443 2134; x_wconf 89' lang='lat' dir='ltr'>nec</span> <span class='ocrx_word' id='word_1_64' title='bbox 467 2058 664 2134; x_wconf 88' lang='lat' dir='ltr'>Lacaenae</span> <span class='ocrx_word' id='word_1_65' title='bbox 690 2058 866 2156; x_wconf 87' lang='lat' dir='ltr'>splendet</span> <span class='ocrx_word' id='word_1_66' title='bbox 892 2059 1089 2156; x_wconf 84' lang='lat' dir='ltr'>adulterae</span> 
     </span>
     <span class='ocr_line' id='line_1_15' title="bbox 259 2181 1039 2282; baseline 0.006 -27"><span class='ocrx_word' id='word_1_67' title='bbox 259 2181 447 2258; x_wconf 87' lang='lat' dir='ltr'>Famosus</span> <span class='ocrx_word' id='word_1_68' title='bbox 472 2183 611 2282; x_wconf 88' lang='lat' dir='ltr'>hospes</span> <span class='ocrx_word' id='word_1_69' title='bbox 637 2209 707 2259; x_wconf 90' lang='lat' dir='ltr'>nec</span> <span class='ocrx_word' id='word_1_70' title='bbox 731 2182 876 2262; x_wconf 86' lang='lat' dir='ltr'>Priami</span> <span class='ocrx_word' id='word_1_71' title='bbox 903 2184 1039 2260; x_wconf 91' lang='lat' dir='ltr'>domus</span> 
     </span>
    </p>
   </div>
   <div class='ocr_carea' id='block_1_5' title="bbox 75 2423 1263 4710">
    <p class='ocr_par' dir='ltr' id='par_1_5' title="bbox 75 2423 1263 4710">
     <span class='ocr_line' id='line_1_16' title="bbox 79 2423 1262 2497; baseline 0 -17"><span class='ocrx_word' id='word_1_72' title='bbox 79 2433 125 2480; x_wconf 83' lang='lat' dir='ltr'>ton</span> <span class='ocrx_word' id='word_1_73' title='bbox 150 2425 219 2497; x_wconf 74' lang='lat' dir='ltr'>Aug.</span> <span class='ocrx_word' id='word_1_74' title='bbox 246 2429 311 2492; x_wconf 83' lang='lat'>71):</span> <span class='ocrx_word' id='word_1_75' title='bbox 351 2424 531 2495; x_wconf 77' lang='lat' dir='ltr'>»benignitas</span> <span class='ocrx_word' id='word_1_76' title='bbox 563 2425 638 2481; x_wconf 83' lang='lat' dir='ltr'>enirn</span> <span class='ocrx_word' id='word_1_77' title='bbox 688 2424 793 2493; x_wconf 82' lang='lat' dir='ltr'>eoacti3</span> <span class='ocrx_word' id='word_1_78' title='bbox 818 2440 900 2478; x_wconf 88' lang='lat' dir='ltr'>nemo</span> <span class='ocrx_word' id='word_1_79' title='bbox 926 2423 998 2479; x_wconf 88' lang='lat' dir='ltr'>enim</span> <span class='ocrx_word' id='word_1_80' title='bbox 1018 2426 1172 2480; x_wconf 73' lang='lat' dir='ltr'>damnatum</span> <span class='ocrx_word' id='word_1_81' title='bbox 1198 2442 1262 2481; x_wconf 87' lang='lat' dir='ltr'>eum</span> 
     </span>
     <span class='ocr_line' id='line_1_17' title="bbox 80 2494 1262 2567; baseline 0.001 -17"><span class='ocrx_word' id='word_1_82' title='bbox 80 2511 127 2550; x_wconf 80' lang='lat' dir='ltr'>nea</span> <span class='ocrx_word' id='word_1_83' title='bbox 148 2513 190 2551; x_wconf 86' lang='lat' dir='ltr'>me</span> <span class='ocrx_word' id='word_1_84' title='bbox 212 2497 250 2550; x_wconf 87' lang='lat' dir='ltr'>ad</span> <span class='ocrx_word' id='word_1_85' title='bbox 280 2495 435 2550; x_wconf 88' lang='lat' dir='ltr'>coelestem</span> <span class='ocrx_word' id='word_1_86' title='bbox 462 2497 581 2567; x_wconf 80' lang='lat' dir='ltr'>gloriam</span> <span class='ocrx_word' id='word_1_87' title='bbox 600 2497 638 2552; x_wconf 82' lang='lat' dir='ltr'>ef-</span> <span class='ocrx_word' id='word_1_88' title='bbox 688 2495 877 2567; x_wconf 80' lang='lat' dir='ltr'>praecedente</span> <span class='ocrx_word' id='word_1_89' title='bbox 892 2494 1029 2551; x_wconf 86' lang='lat' dir='ltr'>vocabulo</span> <span class='ocrx_word' id='word_1_90' title='bbox 1043 2499 1177 2566; x_wconf 76' lang='lat' dir='ltr'>patuerant</span> <span class='ocrx_word' id='word_1_91' title='bbox 1197 2513 1262 2552; x_wconf 88' lang='lat' dir='ltr'>con·</span> 
     </span>
     <span class='ocr_line' id='line_1_18' title="bbox 78 2565 1263 2639; baseline 0.003 -19"><span class='ocrx_word' id='word_1_92' title='bbox 78 2565 156 2621; x_wconf 80' lang='lat' dir='ltr'>fetet«</span> <span class='ocrx_word' id='word_1_93' title='bbox 215 2567 351 2637; x_wconf 75' lang='lat' dir='ltr'>antiquis</span> <span class='ocrx_word' id='word_1_94' title='bbox 386 2568 461 2623; x_wconf 90' lang='lat' dir='ltr'>enim</span> <span class='ocrx_word' id='word_1_95' title='bbox 494 2569 637 2624; x_wconf 89' lang='lat' dir='ltr'>hominum</span> <span class='ocrx_word' id='word_1_96' title='bbox 688 2569 806 2639; x_wconf 77' lang='lat' dir='ltr'>iungere</span> <span class='ocrx_word' id='word_1_97' title='bbox 824 2567 900 2637; x_wconf 84' lang='lat' dir='ltr'>velit,</span> <span class='ocrx_word' id='word_1_98' title='bbox 921 2565 950 2621; x_wconf 88' lang='lat' dir='ltr'>id</span> <span class='ocrx_word' id='word_1_99' title='bbox 968 2567 1044 2638; x_wconf 88' lang='lat' dir='ltr'>quod</span> <span class='ocrx_word' id='word_1_100' title='bbox 1062 2569 1263 2624; x_wconf 84' lang='lat' dir='ltr'>caverevoluit</span> 
     </span>
     <span class='ocr_line' id='line_1_19' title="bbox 79 2636 1262 2697; baseline 0.007 -8"><span class='ocrx_word' id='word_1_101' title='bbox 79 2636 137 2693; x_wconf 85' lang='lat' dir='ltr'>inter</span> <span class='ocrx_word' id='word_1_102' title='bbox 170 2640 240 2696; x_wconf 82' lang='lat' dir='ltr'>deos</span> <span class='ocrx_word' id='word_1_103' title='bbox 276 2640 381 2695; x_wconf 86' lang='lat' dir='ltr'>relatio</span> <span class='ocrx_word' id='word_1_104' title='bbox 413 2640 548 2695; x_wconf 86' lang='lat' dir='ltr'>indicium</span> <span class='ocrx_word' id='word_1_105' title='bbox 575 2645 638 2696; x_wconf 86' lang='lat' dir='ltr'>arat</span> <span class='ocrx_word' id='word_1_106' title='bbox 690 2640 841 2695; x_wconf 87' lang='lat' dir='ltr'>Bentleius.</span> <span class='ocrx_word' id='word_1_107' title='bbox 876 2641 1004 2694; x_wconf 73' lang='lat' dir='ltr'>littteras</span> <span class='ocrx_word' id='word_1_108' title='bbox 1030 2643 1109 2693; x_wconf 86' lang='lat' dir='ltr'>recte</span> <span class='ocrx_word' id='word_1_109' title='bbox 1133 2640 1262 2697; x_wconf 84' lang='lat' dir='ltr'>codicum</span> 
     </span>
     <span class='ocr_line' id='line_1_20' title="bbox 79 2709 1261 2783; baseline 0.003 -19"><span class='ocrx_word' id='word_1_110' title='bbox 79 2709 182 2779; x_wconf 79' lang='lat' dir='ltr'>ingentis</span> <span class='ocrx_word' id='word_1_111' title='bbox 213 2711 310 2766; x_wconf 77' lang='lat' dir='ltr'>tanae</span> <span class='ocrx_word' id='word_1_112' title='bbox 333 2709 519 2782; x_wconf 65' lang='lat' dir='ltr'>insolitusque</span> <span class='ocrx_word' id='word_1_113' title='bbox 547 2713 638 2783; x_wconf 78' lang='lat' dir='ltr'>digni·</span> <span class='ocrx_word' id='word_1_114' title='bbox 689 2711 888 2766; x_wconf 82' lang='lat' dir='ltr'>anctoritatem</span> <span class='ocrx_word' id='word_1_115' title='bbox 913 2711 1046 2779; x_wconf 73' lang='lat' dir='ltr'>serrant3</span> <span class='ocrx_word' id='word_1_116' title='bbox 1072 2710 1157 2765; x_wconf 87' lang='lat' dir='ltr'>etiam</span> <span class='ocrx_word' id='word_1_117' title='bbox 1176 2712 1261 2767; x_wconf 88' lang='lat' dir='ltr'>schol.</span> 
     </span>
     <span class='ocr_line' id='line_1_21' title="bbox 77 2780 1261 2854; baseline 0.003 -19"><span class='ocrx_word' id='word_1_118' title='bbox 77 2782 137 2835; x_wconf 61' lang='lat' dir='ltr'>tam,</span> <span class='ocrx_word' id='word_1_119' title='bbox 185 2782 221 2837; x_wconf 79' lang='lat' dir='ltr'>ui.</span> <span class='ocrx_word' id='word_1_120' title='bbox 253 2783 349 2837; x_wconf 77' lang='lat' dir='ltr'>Caum.</span> <span class='ocrx_word' id='word_1_121' title='bbox 367 2780 417 2848; x_wconf 87' lang='lat'>111,</span> <span class='ocrx_word' id='word_1_122' title='bbox 434 2787 459 2851; x_wconf 82' lang='grc'><strong>6,</strong></span> <span class='ocrx_word' id='word_1_123' title='bbox 479 2788 506 2838; x_wconf 96' lang='grc'>2.</span> <span class='ocrx_word' id='word_1_124' title='bbox 552 2784 599 2852; x_wconf 84' lang='lat' dir='ltr'>lv,</span> <span class='ocrx_word' id='word_1_125' title='bbox 611 2787 638 2854; x_wconf 83' lang='grc'><strong>6,</strong></span> <span class='ocrx_word' id='word_1_126' title='bbox 689 2781 1261 2853; x_wconf 79' lang='lat' dir='ltr'>damnatamhabent.luconduplieatione</span> 
     </span>
     <span class='ocr_line' id='line_1_22' title="bbox 78 2848 1261 2923; baseline 0.004 -19"><span class='ocrx_word' id='word_1_127' title='bbox 78 2854 111 2904; x_wconf 80' lang='grc'>62.</span> <span class='ocrx_word' id='word_1_128' title='bbox 137 2853 284 2923; x_wconf 78' lang='lat' dir='ltr'>Epist.11‚</span> <span class='ocrx_word' id='word_1_129' title='bbox 307 2858 332 2917; x_wconf 89' lang='lat' dir='ltr'>l,</span> <span class='ocrx_word' id='word_1_130' title='bbox 353 2856 394 2908; x_wconf 78' lang='lat' dir='ltr'>lo.</span> <span class='ocrx_word' id='word_1_131' title='bbox 418 2885 450 2895; x_wconf 89' lang='lat'><em>-</em></span> <span class='ocrx_word' id='word_1_132' title='bbox 470 2858 573 2910; x_wconf 69' lang='lat' dir='ltr'>Baccha</span> <span class='ocrx_word' id='word_1_133' title='bbox 608 2877 638 2910; x_wconf 84' lang='lat' dir='ltr'>a·</span> <span class='ocrx_word' id='word_1_134' title='bbox 689 2848 898 2923; x_wconf 69' lang='lat' dir='ltr'>(trasmittas)</span> <span class='ocrx_word' id='word_1_135' title='bbox 925 2852 1092 2907; x_wconf 82' lang='lat' dir='ltr'>cohortandi</span> <span class='ocrx_word' id='word_1_136' title='bbox 1116 2861 1146 2909; x_wconf 86' lang='lat' dir='ltr'>et</span> <span class='ocrx_word' id='word_1_137' title='bbox 1169 2854 1261 2911; x_wconf 82' lang='lat' dir='ltr'>deter-</span> 
     </span>
     <span class='ocr_line' id='line_1_23' title="bbox 78 2879 1261 2996; baseline 0.005 -21"><span class='ocrx_word' id='word_1_138' title='bbox 78 2925 118 2993; x_wconf 77' lang='lat' dir='ltr'>ter]</span> <span class='ocrx_word' id='word_1_139' title='bbox 133 2924 221 2995; x_wconf 78' lang='lat' dir='ltr'>Epist</span> <span class='ocrx_word' id='word_1_140' title='bbox 241 2924 282 2988; x_wconf 92' lang='lat'>11,</span> <span class='ocrx_word' id='word_1_141' title='bbox 301 2929 327 2991; x_wconf 82' lang='lat'>1,</span> <span class='ocrx_word' id='word_1_142' title='bbox 346 2928 372 2979; x_wconf 80' lang='grc'><strong>6.</strong></span> <span class='ocrx_word' id='word_1_143' title='bbox 413 2924 498 2981; x_wconf 89' lang='lat' dir='ltr'>Pater</span> <span class='ocrx_word' id='word_1_144' title='bbox 516 2879 638 2996; x_wconf 77' lang='lat' dir='ltr'>appella-</span> <span class='ocrx_word' id='word_1_145' title='bbox 689 2925 770 2981; x_wconf 87' lang='lat' dir='ltr'>rendi</span> <span class='ocrx_word' id='word_1_146' title='bbox 787 2926 829 2979; x_wconf 85' lang='lat' dir='ltr'>vis</span> <span class='ocrx_word' id='word_1_147' title='bbox 847 2925 970 2979; x_wconf 74' lang='lat' dir='ltr'>inest-</span> <span class='ocrx_word' id='word_1_148' title='bbox 991 2928 1089 2993; x_wconf 72' lang='lat' dir='ltr'>fatalis</span> <span class='ocrx_word' id='word_1_149' title='bbox 1108 2928 1198 2995; x_wconf 73' lang='lat' dir='ltr'>tudes]</span> <span class='ocrx_word' id='word_1_150' title='bbox 1218 2928 1261 2981; x_wconf 88' lang='lat' dir='ltr'>De</span> 
     </span>
     <span class='ocr_line' id='line_1_24' title="bbox 78 2995 1260 3066; baseline 0.005 -18"><span class='ocrx_word' id='word_1_151' title='bbox 78 3003 120 3057; x_wconf 78' lang='lat' dir='ltr'>tur,</span> <span class='ocrx_word' id='word_1_152' title='bbox 140 2997 203 3065; x_wconf 82' lang='lat' dir='ltr'>quia</span> <span class='ocrx_word' id='word_1_153' title='bbox 226 2996 291 3050; x_wconf 89' lang='lat' dir='ltr'>eius</span> <span class='ocrx_word' id='word_1_154' title='bbox 318 2997 457 3051; x_wconf 74' lang='lat' dir='ltr'>beneficio</span> <span class='ocrx_word' id='word_1_155' title='bbox 482 3002 576 3051; x_wconf 87' lang='lat' dir='ltr'>terrae</span> <span class='ocrx_word' id='word_1_156' title='bbox 595 2999 639 3052; x_wconf 89' lang='lat' dir='ltr'>in·</span> <span class='ocrx_word' id='word_1_157' title='bbox 689 2997 800 3051; x_wconf 87' lang='lat' dir='ltr'>Paridis</span> <span class='ocrx_word' id='word_1_158' title='bbox 817 2995 921 3050; x_wconf 86' lang='lat' dir='ltr'>iudicio</span> <span class='ocrx_word' id='word_1_159' title='bbox 942 2995 976 3050; x_wconf 86' lang='lat' dir='ltr'>of.</span> <span class='ocrx_word' id='word_1_160' title='bbox 991 2996 1070 3066; x_wconf 83' lang='lat' dir='ltr'>Virg.</span> <span class='ocrx_word' id='word_1_161' title='bbox 1088 2998 1157 3051; x_wconf 82' lang='lat' dir='ltr'>Aen.</span> <span class='ocrx_word' id='word_1_162' title='bbox 1178 2998 1199 3063; x_wconf 87' lang='lat'>1,</span> <span class='ocrx_word' id='word_1_163' title='bbox 1217 3002 1260 3054; x_wconf 89' lang='grc'>26.</span> 
     </span>
     <span class='ocr_line' id='line_1_25' title="bbox 79 3066 1260 3137; baseline 0.006 -19"><span class='ocrx_word' id='word_1_164' title='bbox 79 3066 121 3117; x_wconf 79' lang='lat' dir='ltr'>su</span> <span class='ocrx_word' id='word_1_165' title='bbox 140 3074 182 3121; x_wconf 84' lang='lat' dir='ltr'>ast</span> <span class='ocrx_word' id='word_1_166' title='bbox 204 3068 312 3122; x_wconf 79' lang='lat' dir='ltr'>sitium</span> <span class='ocrx_word' id='word_1_167' title='bbox 331 3068 566 3137; x_wconf 71' lang='lat' dir='ltr'>praemandarum</span> <span class='ocrx_word' id='word_1_168' title='bbox 585 3070 637 3134; x_wconf 76' lang='lat' dir='ltr'>ris,</span> <span class='ocrx_word' id='word_1_169' title='bbox 688 3068 769 3123; x_wconf 84' lang='lat' dir='ltr'>Hom.</span> <span class='ocrx_word' id='word_1_170' title='bbox 778 3068 811 3121; x_wconf 90' lang='lat'>11.</span> <span class='ocrx_word' id='word_1_171' title='bbox 822 3067 970 3135; x_wconf 62' lang='lat' dir='ltr'>xxlvus.</span> <span class='ocrx_word' id='word_1_172' title='bbox 1006 3067 1114 3121; x_wconf 84' lang='lat' dir='ltr'>Fatalis</span> <span class='ocrx_word' id='word_1_173' title='bbox 1131 3068 1182 3125; x_wconf 80' lang='lat' dir='ltr'>ie.</span> <span class='ocrx_word' id='word_1_174' title='bbox 1200 3069 1260 3125; x_wconf 85' lang='lat' dir='ltr'>fsto</span> 
     </span>
     <span class='ocr_line' id='line_1_26' title="bbox 76 3134 1261 3209; baseline 0.003 -17"><span class='ocrx_word' id='word_1_175' title='bbox 76 3134 238 3208; x_wconf 82' lang='lat' dir='ltr'>hominesque</span> <span class='ocrx_word' id='word_1_176' title='bbox 257 3139 318 3209; x_wconf 84' lang='lat' dir='ltr'>ipsi</span> <span class='ocrx_word' id='word_1_177' title='bbox 335 3140 395 3193; x_wconf 78' lang='lat' dir='ltr'>vini</span> <span class='ocrx_word' id='word_1_178' title='bbox 412 3140 569 3194; x_wconf 84' lang='lat' dir='ltr'>culturaad</span> <span class='ocrx_word' id='word_1_179' title='bbox 580 3142 639 3196; x_wconf 87' lang='lat' dir='ltr'>oul-</span> <span class='ocrx_word' id='word_1_180' title='bbox 689 3139 846 3194; x_wconf 88' lang='lat' dir='ltr'>destinatus</span> <span class='ocrx_word' id='word_1_181' title='bbox 864 3138 899 3193; x_wconf 85' lang='lat' dir='ltr'>ad</span> <span class='ocrx_word' id='word_1_182' title='bbox 917 3138 1033 3193; x_wconf 86' lang='lat' dir='ltr'>exitium</span> <span class='ocrx_word' id='word_1_183' title='bbox 1051 3139 1151 3193; x_wconf 84' lang='lat' dir='ltr'>Troiae</span> <span class='ocrx_word' id='word_1_184' title='bbox 1171 3140 1261 3196; x_wconf 82' lang='lat' dir='ltr'>feren·</span> 
     </span>
     <span class='ocr_line' id='line_1_27' title="bbox 77 3210 1260 3281; baseline 0.005 -20"><span class='ocrx_word' id='word_1_185' title='bbox 77 3210 160 3262; x_wconf 77' lang='lat' dir='ltr'>norem</span> <span class='ocrx_word' id='word_1_186' title='bbox 177 3212 267 3264; x_wconf 78' lang='lat' dir='ltr'>sitam</span> <span class='ocrx_word' id='word_1_187' title='bbox 289 3211 395 3264; x_wconf 85' lang='lat' dir='ltr'>sentim</span> <span class='ocrx_word' id='word_1_188' title='bbox 404 3212 638 3281; x_wconf 79' lang='lat' dir='ltr'>perducebantur.</span> <span class='ocrx_word' id='word_1_189' title='bbox 689 3211 765 3276; x_wconf 85' lang='lat' dir='ltr'>dum,</span> <span class='ocrx_word' id='word_1_190' title='bbox 783 3210 850 3279; x_wconf 88' lang='lat' dir='ltr'>quia</span> <span class='ocrx_word' id='word_1_191' title='bbox 867 3210 991 3265; x_wconf 88' lang='lat' dir='ltr'>incestus</span> <span class='ocrx_word' id='word_1_192' title='bbox 1006 3216 1049 3264; x_wconf 86' lang='lat' dir='ltr'>est</span> <span class='ocrx_word' id='word_1_193' title='bbox 1064 3214 1211 3281; x_wconf 85' lang='lat' dir='ltr'>castaeque</span> <span class='ocrx_word' id='word_1_194' title='bbox 1225 3217 1260 3281; x_wconf 81' lang='lat' dir='ltr'>(v.</span> 
     </span>
     <span class='ocr_line' id='line_1_28' title="bbox 78 3276 1261 3351; baseline 0.003 -17"><span class='ocrx_word' id='word_1_195' title='bbox 78 3276 132 3333; x_wconf 83' lang='lat' dir='ltr'>lade</span> <span class='ocrx_word' id='word_1_196' title='bbox 146 3282 231 3335; x_wconf 86' lang='lat' dir='ltr'>stiam</span> <span class='ocrx_word' id='word_1_197' title='bbox 249 3282 346 3351; x_wconf 78' lang='lat' dir='ltr'>tigres</span> <span class='ocrx_word' id='word_1_198' title='bbox 368 3282 404 3336; x_wconf 90' lang='lat' dir='ltr'>ab</span> <span class='ocrx_word' id='word_1_199' title='bbox 426 3299 462 3337; x_wconf 91' lang='lat' dir='ltr'>eo</span> <span class='ocrx_word' id='word_1_200' title='bbox 487 3284 638 3338; x_wconf 86' lang='lat' dir='ltr'>domaban·</span> <span class='ocrx_word' id='word_1_201' title='bbox 689 3285 735 3350; x_wconf 80' lang='grc'>26)</span> <span class='ocrx_word' id='word_1_202' title='bbox 756 3280 957 3337; x_wconf 72' lang='lat' dir='ltr'>dunelmiam.</span> <span class='ocrx_word' id='word_1_203' title='bbox 986 3285 1041 3349; x_wconf 82' lang='lat' dir='ltr'>Qus</span> <span class='ocrx_word' id='word_1_204' title='bbox 1057 3284 1195 3351; x_wconf 81' lang='lat' dir='ltr'>particula</span> <span class='ocrx_word' id='word_1_205' title='bbox 1214 3284 1261 3338; x_wconf 90' lang='lat' dir='ltr'>ad·</span> 
     </span>
     <span class='ocr_line' id='line_1_29' title="bbox 76 3352 1262 3423; baseline 0.006 -20"><span class='ocrx_word' id='word_1_206' title='bbox 76 3359 117 3405; x_wconf 87' lang='lat' dir='ltr'>tur.</span> <span class='ocrx_word' id='word_1_207' title='bbox 160 3353 216 3407; x_wconf 75' lang='lat' dir='ltr'>(be</span> <span class='ocrx_word' id='word_1_208' title='bbox 233 3352 557 3419; x_wconf 62' lang='lat' dir='ltr'>desinuntque:</span> <span class='ocrx_word' id='word_1_209' title='bbox 583 3354 637 3423; x_wconf 67' lang='lat' dir='ltr'>uhi,</span> <span class='ocrx_word' id='word_1_210' title='bbox 689 3353 801 3410; x_wconf 73' lang='lat' dir='ltr'>duntur,</span> <span class='ocrx_word' id='word_1_211' title='bbox 811 3368 1010 3421; x_wconf 86' lang='lat' dir='ltr'>nonnunquam</span> <span class='ocrx_word' id='word_1_212' title='bbox 1026 3368 1096 3421; x_wconf 84' lang='lat' dir='ltr'>quse</span> <span class='ocrx_word' id='word_1_213' title='bbox 1105 3355 1262 3423; x_wconf 83' lang='lat' dir='ltr'>explicandi</span> 
     </span>
     <span class='ocr_line' id='line_1_30' title="bbox 77 3423 1262 3495; baseline 0.006 -21"><span class='ocrx_word' id='word_1_214' title='bbox 77 3423 112 3488; x_wconf 86' lang='lat' dir='ltr'>qni</span> <span class='ocrx_word' id='word_1_215' title='bbox 130 3424 223 3479; x_wconf 79' lang='lat' dir='ltr'>valant</span> <span class='ocrx_word' id='word_1_216' title='bbox 250 3424 359 3495; x_wconf 82' lang='lat' dir='ltr'>opibus</span> <span class='ocrx_word' id='word_1_217' title='bbox 382 3431 465 3495; x_wconf 87' lang='lat' dir='ltr'>atque</span> <span class='ocrx_word' id='word_1_218' title='bbox 491 3426 521 3479; x_wconf 87' lang='lat' dir='ltr'>id</span> <span class='ocrx_word' id='word_1_219' title='bbox 545 3426 638 3481; x_wconf 78' lang='lat' dir='ltr'>faeere</span> <span class='ocrx_word' id='word_1_220' title='bbox 688 3442 772 3480; x_wconf 86' lang='lat' dir='ltr'>eausa</span> <span class='ocrx_word' id='word_1_221' title='bbox 789 3424 948 3479; x_wconf 83' lang='lat' dir='ltr'>necessaris</span> <span class='ocrx_word' id='word_1_222' title='bbox 963 3424 1102 3480; x_wconf 79' lang='lat' dir='ltr'>videntur.</span> <span class='ocrx_word' id='word_1_223' title='bbox 1129 3424 1262 3481; x_wconf 78' lang='lat' dir='ltr'>Sicinius</span> 
     </span>
     <span class='ocr_line' id='line_1_31' title="bbox 77 3494 1260 3563; baseline 0.003 -14"><span class='ocrx_word' id='word_1_224' title='bbox 77 3500 183 3560; x_wconf 60' lang='lat' dir='ltr'>manat,</span> <span class='ocrx_word' id='word_1_225' title='bbox 212 3501 247 3549; x_wconf 87' lang='lat' dir='ltr'>ut</span> <span class='ocrx_word' id='word_1_226' title='bbox 273 3495 313 3550; x_wconf 86' lang='lat' dir='ltr'>de</span> <span class='ocrx_word' id='word_1_227' title='bbox 337 3494 458 3551; x_wconf 81' lang='lat' dir='ltr'>Hercule</span> <span class='ocrx_word' id='word_1_228' title='bbox 481 3500 513 3551; x_wconf 86' lang='lat' dir='ltr'>et</span> <span class='ocrx_word' id='word_1_229' title='bbox 537 3496 573 3552; x_wconf 86' lang='lat' dir='ltr'>de</span> <span class='ocrx_word' id='word_1_230' title='bbox 591 3496 658 3551; x_wconf 77' lang='lat' dir='ltr'>nt·</span> <span class='ocrx_word' id='word_1_231' title='bbox 688 3496 1260 3563; x_wconf 53' lang='lat' dir='ltr'>tenemento.1‚ae‚9.111‚e,36.</span> 
     </span>
     <span class='ocr_line' id='line_1_32' title="bbox 75 3563 1261 3642; baseline 0.006 -24"><span class='ocrx_word' id='word_1_232' title='bbox 75 3563 128 3618; x_wconf 71' lang='lat' dir='ltr'>bero</span> <span class='ocrx_word' id='word_1_233' title='bbox 143 3567 318 3638; x_wconf 74' lang='lat' dir='ltr'>accepimus,</span> <span class='ocrx_word' id='word_1_234' title='bbox 344 3566 382 3621; x_wconf 74' lang='lat' dir='ltr'>ad</span> <span class='ocrx_word' id='word_1_235' title='bbox 403 3570 570 3622; x_wconf 71' lang='lat' dir='ltr'>servandum</span> <span class='ocrx_word' id='word_1_236' title='bbox 590 3584 637 3639; x_wconf 76' lang='lat' dir='ltr'>gc·</span> <span class='ocrx_word' id='word_1_237' title='bbox 689 3596 722 3608; x_wconf 90' lang='lat'>-</span> <span class='ocrx_word' id='word_1_238' title='bbox 746 3571 846 3623; x_wconf 75' lang='lat' dir='ltr'>mulier</span> <span class='ocrx_word' id='word_1_239' title='bbox 870 3566 1025 3637; x_wconf 71' lang='lat' dir='ltr'>pereqrinu]</span> <span class='ocrx_word' id='word_1_240' title='bbox 1048 3567 1107 3621; x_wconf 84' lang='lat' dir='ltr'>Dea</span> <span class='ocrx_word' id='word_1_241' title='bbox 1134 3570 1261 3642; x_wconf 78' lang='lat' dir='ltr'>indigna·</span> 
     </span>
     <span class='ocr_line' id='line_1_33' title="bbox 75 3637 1260 3708; baseline 0.008 -21"><span class='ocrx_word' id='word_1_242' title='bbox 75 3652 115 3689; x_wconf 85' lang='lat' dir='ltr'>rus</span> <span class='ocrx_word' id='word_1_243' title='bbox 130 3637 276 3692; x_wconf 62' lang='lat' dir='ltr'>mum</span> <span class='ocrx_word' id='word_1_244' title='bbox 294 3640 398 3693; x_wconf 88' lang='lat' dir='ltr'>natura</span> <span class='ocrx_word' id='word_1_245' title='bbox 412 3640 592 3694; x_wconf 70' lang='lat' dir='ltr'>incitantnm</span> <span class='ocrx_word' id='word_1_246' title='bbox 608 3670 637 3680; x_wconf 90' lang='lat'><em>-</em></span> <span class='ocrx_word' id='word_1_247' title='bbox 689 3640 765 3695; x_wconf 89' lang='lat' dir='ltr'>tione</span> <span class='ocrx_word' id='word_1_248' title='bbox 781 3638 866 3708; x_wconf 85' lang='lat' dir='ltr'>plena</span> <span class='ocrx_word' id='word_1_249' title='bbox 885 3637 1019 3692; x_wconf 86' lang='lat' dir='ltr'>Helenam</span> <span class='ocrx_word' id='word_1_250' title='bbox 1044 3654 1101 3691; x_wconf 88' lang='lat' dir='ltr'>nou</span> <span class='ocrx_word' id='word_1_251' title='bbox 1124 3644 1260 3696; x_wconf 88' lang='lat' dir='ltr'>nominat.</span> 
     </span>
     <span class='ocr_line' id='line_1_34' title="bbox 75 3708 1261 3793; baseline 0.008 -35"><span class='ocrx_word' id='word_1_252' title='bbox 75 3710 142 3777; x_wconf 78' lang='lat' dir='ltr'>tullo]</span> <span class='ocrx_word' id='word_1_253' title='bbox 169 3709 335 3780; x_wconf 71' lang='lat' dir='ltr'>Singularis</span> <span class='ocrx_word' id='word_1_254' title='bbox 362 3725 414 3779; x_wconf 83' lang='lat' dir='ltr'>pro</span> <span class='ocrx_word' id='word_1_255' title='bbox 436 3710 539 3779; x_wconf 77' lang='lat' dir='ltr'>plurali</span> <span class='ocrx_word' id='word_1_256' title='bbox 562 3712 638 3782; x_wconf 75' lang='lat' dir='ltr'>apud</span> <span class='ocrx_word' id='word_1_257' title='bbox 688 3710 724 3765; x_wconf 77' lang='lat' dir='ltr'>of.</span> <span class='ocrx_word' id='word_1_258' title='bbox 741 3713 825 3769; x_wconf 56' lang='lat' dir='ltr'>ndi.</span> <span class='ocrx_word' id='word_1_259' title='bbox 851 3740 881 3749; x_wconf 93' lang='lat'><em>-</em></span> <span class='ocrx_word' id='word_1_260' title='bbox 914 3710 1006 3793; x_wconf 74' lang='lat' dir='ltr'>sertis]</span> <span class='ocrx_word' id='word_1_261' title='bbox 1032 3708 1112 3763; x_wconf 77' lang='lat' dir='ltr'>Paris</span> <span class='ocrx_word' id='word_1_262' title='bbox 1139 3714 1261 3767; x_wconf 83' lang='lat' dir='ltr'>absolvit</span> 
     </span>
     <span class='ocr_line' id='line_1_35' title="bbox 75 3780 1260 3907; baseline 0.003 -73"><span class='ocrx_word' id='word_1_263' title='bbox 75 3784 154 3844; x_wconf 73' lang='lat' dir='ltr'>poebs</span> <span class='ocrx_word' id='word_1_264' title='bbox 172 3782 297 3851; x_wconf 81' lang='lat' dir='ltr'>ponitur</span> <span class='ocrx_word' id='word_1_265' title='bbox 320 3780 358 3835; x_wconf 82' lang='lat' dir='ltr'>ad</span> <span class='ocrx_word' id='word_1_266' title='bbox 380 3782 499 3836; x_wconf 84' lang='lat' dir='ltr'>unitatis</span> <span class='ocrx_word' id='word_1_267' title='bbox 522 3787 551 3837; x_wconf 86' lang='lat' dir='ltr'>et</span> <span class='ocrx_word' id='word_1_268' title='bbox 568 3798 638 3837; x_wconf 86' lang='lat' dir='ltr'>con·</span> <span class='ocrx_word' id='word_1_269' title='bbox 688 3781 842 3852; x_wconf 87' lang='lat' dir='ltr'>perniciem</span> <span class='ocrx_word' id='word_1_270' title='bbox 867 3780 968 3834; x_wconf 84' lang='lat' dir='ltr'>Troiae</span> <span class='ocrx_word' id='word_1_271' title='bbox 998 3798 1054 3835; x_wconf 85' lang='lat' dir='ltr'>ram</span> <span class='ocrx_word' id='word_1_272' title='bbox 1081 3780 1260 3907; x_wconf 60' lang='lat' dir='ltr'>desqinatam,</span> 
     </span>
     <span class='ocr_line' id='line_1_36' title="bbox 76 3850 1262 3922; baseline 0.003 -16"><span class='ocrx_word' id='word_1_273' title='bbox 76 3850 169 3906; x_wconf 60' lang='lat' dir='ltr'>ardiae</span> <span class='ocrx_word' id='word_1_274' title='bbox 185 3854 339 3907; x_wconf 77' lang='lat' dir='ltr'>notionem</span> <span class='ocrx_word' id='word_1_275' title='bbox 358 3853 578 3908; x_wconf 82' lang='lat' dir='ltr'>sustentandam</span> <span class='ocrx_word' id='word_1_276' title='bbox 601 3853 636 3907; x_wconf 85' lang='lat' dir='ltr'>ot&#39;.</span> <span class='ocrx_word' id='word_1_277' title='bbox 689 3870 796 3922; x_wconf 83' lang='lat' dir='ltr'>exque</span> <span class='ocrx_word' id='word_1_278' title='bbox 814 3852 974 3907; x_wconf 81' lang='lat' dir='ltr'>Laomedon</span> <span class='ocrx_word' id='word_1_279' title='bbox 994 3851 1182 3909; x_wconf 79' lang='lat' dir='ltr'>deesseselit.</span> <span class='ocrx_word' id='word_1_280' title='bbox 1220 3855 1262 3909; x_wconf 88' lang='lat' dir='ltr'>De</span> 
     </span>
     <span class='ocr_line' id='line_1_37' title="bbox 76 3918 1260 3996; baseline 0.006 -23"><span class='ocrx_word' id='word_1_281' title='bbox 76 3918 235 3989; x_wconf 64' lang='grc'><strong>6666264.</strong></span> <span class='ocrx_word' id='word_1_282' title='bbox 254 3952 295 3965; x_wconf 89' lang='lat'>··-</span> <span class='ocrx_word' id='word_1_283' title='bbox 312 3924 454 3995; x_wconf 71' lang='lat' dir='ltr'>Quirinus]</span> <span class='ocrx_word' id='word_1_284' title='bbox 472 3923 636 3996; x_wconf 68' lang='lat' dir='ltr'>LegeOsid.</span> <span class='ocrx_word' id='word_1_285' title='bbox 686 3924 785 3979; x_wconf 71' lang='lat' dir='ltr'>stands</span> <span class='ocrx_word' id='word_1_286' title='bbox 808 3922 1007 3977; x_wconf 83' lang='lat' dir='ltr'>Laomedontis</span> <span class='ocrx_word' id='word_1_287' title='bbox 1033 3924 1097 3979; x_wconf 82' lang='lat' dir='ltr'>vide</span> <span class='ocrx_word' id='word_1_288' title='bbox 1126 3926 1206 3979; x_wconf 88' lang='lat' dir='ltr'>Hom.</span> <span class='ocrx_word' id='word_1_289' title='bbox 1228 3926 1260 3980; x_wconf 92' lang='lat' dir='ltr'>Il.</span> 
     </span>
     <span class='ocr_line' id='line_1_38' title="bbox 75 3990 1261 4067; baseline 0 -22"><span class='ocrx_word' id='word_1_290' title='bbox 75 3990 288 4058; x_wconf 61' lang='grc' dir='ltr'><strong>6661110,αῆ</strong></span> <span class='ocrx_word' id='word_1_291' title='bbox 306 4012 366 4065; x_wconf 84' lang='lat' dir='ltr'>sqq.</span> <span class='ocrx_word' id='word_1_292' title='bbox 396 4024 431 4036; x_wconf 92' lang='lat'>·-</span> <span class='ocrx_word' id='word_1_293' title='bbox 454 3996 572 4067; x_wconf 64' lang='lat' dir='ltr'>uratum]</span> <span class='ocrx_word' id='word_1_294' title='bbox 591 4014 638 4051; x_wconf 84' lang='lat' dir='ltr'>ac·</span> <span class='ocrx_word' id='word_1_295' title='bbox 686 3996 747 4059; x_wconf 80' lang='lat' dir='ltr'>Vll,</span> <span class='ocrx_word' id='word_1_296' title='bbox 765 3998 819 4049; x_wconf 79' lang='grc'>452</span> <span class='ocrx_word' id='word_1_297' title='bbox 838 4012 878 4063; x_wconf 87' lang='lat' dir='ltr'>sq.</span> <span class='ocrx_word' id='word_1_298' title='bbox 904 3993 977 4059; x_wconf 82' lang='lat' dir='ltr'>XXI,</span> <span class='ocrx_word' id='word_1_299' title='bbox 996 3996 1050 4049; x_wconf 76' lang='grc'>422</span> <span class='ocrx_word' id='word_1_300' title='bbox 1064 4012 1125 4067; x_wconf 89' lang='lat' dir='ltr'>sqq.</span> <span class='ocrx_word' id='word_1_301' title='bbox 1173 3997 1261 4066; x_wconf 80' lang='lat' dir='ltr'>Aper.</span> 
     </span>
     <span class='ocr_line' id='line_1_39' title="bbox 76 4065 1261 4132; baseline 0.003 -12"><span class='ocrx_word' id='word_1_302' title='bbox 76 4065 199 4121; x_wconf 67' lang='lat' dir='ltr'>mutim</span> <span class='ocrx_word' id='word_1_303' title='bbox 218 4067 330 4121; x_wconf 83' lang='lat' dir='ltr'>obiecti</span> <span class='ocrx_word' id='word_1_304' title='bbox 347 4072 401 4121; x_wconf 82' lang='lat' dir='ltr'>sss.</span> <span class='ocrx_word' id='word_1_305' title='bbox 420 4067 485 4122; x_wconf 79' lang='lat' dir='ltr'>vide</span> <span class='ocrx_word' id='word_1_306' title='bbox 502 4068 637 4123; x_wconf 82' lang='lat' dir='ltr'>starm.</span> <span class='ocrx_word' id='word_1_307' title='bbox 686 4071 747 4121; x_wconf 85' lang='lat' dir='ltr'>turn</span> <span class='ocrx_word' id='word_1_308' title='bbox 772 4072 825 4129; x_wconf 86' lang='lat' dir='ltr'>est,</span> <span class='ocrx_word' id='word_1_309' title='bbox 845 4068 1047 4132; x_wconf 70' lang='lat' dir='ltr'>fraudulentum</span> <span class='ocrx_word' id='word_1_310' title='bbox 1069 4071 1159 4123; x_wconf 78' lang='lat' dir='ltr'>ducens</span> <span class='ocrx_word' id='word_1_311' title='bbox 1185 4084 1211 4122; x_wconf 83' lang='lat' dir='ltr'>v.</span> <span class='ocrx_word' id='word_1_312' title='bbox 1226 4072 1261 4124; x_wconf 82' lang='lat'>24</span> 
     </span>
     <span class='ocr_line' id='line_1_40' title="bbox 75 4132 1260 4209; baseline 0.008 -23"><span class='ocrx_word' id='word_1_313' title='bbox 75 4132 101 4197; x_wconf 88' lang='grc'>11,</span> <span class='ocrx_word' id='word_1_314' title='bbox 118 4140 155 4201; x_wconf 84' lang='grc'>12,</span> <span class='ocrx_word' id='word_1_315' title='bbox 176 4141 217 4193; x_wconf 82' lang='grc'>14.</span> <span class='ocrx_word' id='word_1_316' title='bbox 686 4154 744 4192; x_wconf 91' lang='lat' dir='ltr'>non</span> <span class='ocrx_word' id='word_1_317' title='bbox 761 4154 823 4192; x_wconf 89' lang='lat' dir='ltr'>esse</span> <span class='ocrx_word' id='word_1_318' title='bbox 842 4138 1020 4191; x_wconf 82' lang='lat' dir='ltr'>innocentem</span> <span class='ocrx_word' id='word_1_319' title='bbox 1037 4137 1188 4206; x_wconf 84' lang='lat' dir='ltr'>Priamum,</span> <span class='ocrx_word' id='word_1_320' title='bbox 1212 4140 1260 4209; x_wconf 91' lang='lat' dir='ltr'>qui</span> 
     </span>
     <span class='ocr_line' id='line_1_41' title="bbox 100 4206 1260 4280; baseline 0.005 -21"><span class='ocrx_word' id='word_1_321' title='bbox 100 4206 176 4264; x_wconf 63' lang='grc'><strong>018.</strong></span> <span class='ocrx_word' id='word_1_322' title='bbox 218 4210 309 4277; x_wconf 73' lang='lat' dir='ltr'>ilion]</span> <span class='ocrx_word' id='word_1_323' title='bbox 329 4209 373 4263; x_wconf 91' lang='lat' dir='ltr'>De</span> <span class='ocrx_word' id='word_1_324' title='bbox 393 4224 497 4278; x_wconf 75' lang='lat' dir='ltr'>genera</span> <span class='ocrx_word' id='word_1_325' title='bbox 517 4206 638 4263; x_wconf 78' lang='lat' dir='ltr'>nominis</span> <span class='ocrx_word' id='word_1_326' title='bbox 686 4211 825 4265; x_wconf 88' lang='lat' dir='ltr'>maiorum</span> <span class='ocrx_word' id='word_1_327' title='bbox 850 4210 961 4279; x_wconf 83' lang='lat' dir='ltr'>culpam</span> <span class='ocrx_word' id='word_1_328' title='bbox 988 4209 1054 4279; x_wconf 87' lang='lat' dir='ltr'>luit,</span> <span class='ocrx_word' id='word_1_329' title='bbox 1089 4211 1139 4265; x_wconf 91' lang='lat' dir='ltr'>sed</span> <span class='ocrx_word' id='word_1_330' title='bbox 1167 4211 1260 4280; x_wconf 88' lang='lat' dir='ltr'>ipsum</span> 
     </span>
     <span class='ocr_line' id='line_1_42' title="bbox 76 4276 1261 4353; baseline 0.003 -20"><span class='ocrx_word' id='word_1_331' title='bbox 76 4276 125 4333; x_wconf 71' lang='lat' dir='ltr'>tide</span> <span class='ocrx_word' id='word_1_332' title='bbox 146 4282 181 4337; x_wconf 81' lang='lat' dir='ltr'>ad</span> <span class='ocrx_word' id='word_1_333' title='bbox 199 4280 297 4336; x_wconf 78' lang='lat' dir='ltr'>carm.</span> <span class='ocrx_word' id='word_1_334' title='bbox 317 4280 340 4344; x_wconf 86' lang='grc' dir='ltr'>Ι,</span> <span class='ocrx_word' id='word_1_335' title='bbox 360 4284 404 4343; x_wconf 88' lang='grc'>10,</span> <span class='ocrx_word' id='word_1_336' title='bbox 426 4283 468 4334; x_wconf 83' lang='grc'>14.</span> <span class='ocrx_word' id='word_1_337' title='bbox 512 4280 637 4336; x_wconf 81' lang='lat' dir='ltr'>Malebat</span> <span class='ocrx_word' id='word_1_338' title='bbox 686 4280 914 4336; x_wconf 69' lang='lat' dir='ltr'>Laomedontem.</span> <span class='ocrx_word' id='word_1_339' title='bbox 930 4312 957 4320; x_wconf 95' lang='lat'>-</span> <span class='ocrx_word' id='word_1_340' title='bbox 973 4284 1093 4336; x_wconf 79' lang='lat' dir='ltr'>mercada</span> <span class='ocrx_word' id='word_1_341' title='bbox 1107 4282 1199 4353; x_wconf 76' lang='lat' dir='ltr'>putta]</span> <span class='ocrx_word' id='word_1_342' title='bbox 1218 4286 1261 4337; x_wconf 87' lang='lat' dir='ltr'>est</span> 
     </span>
     <span class='ocr_line' id='line_1_43' title="bbox 76 4350 1259 4415; baseline 0.003 -10"><span class='ocrx_word' id='word_1_343' title='bbox 76 4353 152 4405; x_wconf 64' lang='lat' dir='ltr'>hnen</span> <span class='ocrx_word' id='word_1_344' title='bbox 180 4350 333 4407; x_wconf 88' lang='lat' dir='ltr'>Bentleins</span> <span class='ocrx_word' id='word_1_345' title='bbox 364 4368 391 4415; x_wconf 83' lang='lat' dir='ltr'>v,</span> <span class='ocrx_word' id='word_1_346' title='bbox 410 4355 446 4406; x_wconf 79' lang='grc'>26</span> <span class='ocrx_word' id='word_1_347' title='bbox 484 4355 637 4408; x_wconf 66' lang='lat' dir='ltr'>damnem</span> <span class='ocrx_word' id='word_1_348' title='bbox 687 4353 826 4407; x_wconf 81' lang='lat' dir='ltr'>ablativus</span> <span class='ocrx_word' id='word_1_349' title='bbox 844 4351 1031 4407; x_wconf 86' lang='lat' dir='ltr'>instrumenti.</span> <span class='ocrx_word' id='word_1_350' title='bbox 1050 4352 1183 4407; x_wconf 87' lang='lat' dir='ltr'>Similiter</span> <span class='ocrx_word' id='word_1_351' title='bbox 1199 4354 1259 4409; x_wconf 80' lang='lat' dir='ltr'>Lis.</span> 
     </span>
     <span class='ocr_line' id='line_1_44' title="bbox 76 4422 1260 4493; baseline 0.003 -20"><span class='ocrx_word' id='word_1_352' title='bbox 76 4429 158 4477; x_wconf 69' lang='lat' dir='ltr'>uonna</span> <span class='ocrx_word' id='word_1_353' title='bbox 183 4424 325 4478; x_wconf 83' lang='lat' dir='ltr'>librorum</span> <span class='ocrx_word' id='word_1_354' title='bbox 352 4424 566 4487; x_wconf 63' lang='lat' dir='ltr'>auctor-Mem,</span> <span class='ocrx_word' id='word_1_355' title='bbox 601 4439 637 4479; x_wconf 92' lang='lat' dir='ltr'>ne</span> <span class='ocrx_word' id='word_1_356' title='bbox 687 4425 708 4490; x_wconf 87' lang='grc' dir='ltr'>Ι,</span> <span class='ocrx_word' id='word_1_357' title='bbox 725 4427 773 4479; x_wconf 80' lang='lat' dir='ltr'>ol:</span> <span class='ocrx_word' id='word_1_358' title='bbox 804 4424 896 4493; x_wconf 84' lang='lat' dir='ltr'>»qnod</span> <span class='ocrx_word' id='word_1_359' title='bbox 921 4422 1054 4479; x_wconf 82' lang='lat' dir='ltr'>motando</span> <span class='ocrx_word' id='word_1_360' title='bbox 1078 4442 1156 4493; x_wconf 86' lang='lat' dir='ltr'>spem</span> <span class='ocrx_word' id='word_1_361' title='bbox 1174 4424 1260 4479; x_wconf 88' lang='lat' dir='ltr'>desti-</span> 
     </span>
     <span class='ocr_line' id='line_1_45' title="bbox 77 4492 1259 4566; baseline 0.003 -18"><span class='ocrx_word' id='word_1_362' title='bbox 77 4494 130 4559; x_wconf 78' lang='lat' dir='ltr'>quid</span> <span class='ocrx_word' id='word_1_363' title='bbox 145 4494 342 4562; x_wconf 68' lang='lat' dir='ltr'>ambiguitatis</span> <span class='ocrx_word' id='word_1_364' title='bbox 357 4492 573 4563; x_wconf 82' lang='lat' dir='ltr'>relinqueretur.</span> <span class='ocrx_word' id='word_1_365' title='bbox 590 4496 639 4550; x_wconf 82' lang='lat' dir='ltr'>Se-</span> <span class='ocrx_word' id='word_1_366' title='bbox 686 4498 798 4551; x_wconf 77' lang='lat' dir='ltr'>tuerit«</span> <span class='ocrx_word' id='word_1_367' title='bbox 820 4524 853 4535; x_wconf 88' lang='lat'><em>-</em></span> <span class='ocrx_word' id='word_1_368' title='bbox 878 4494 1031 4566; x_wconf 74' lang='lat' dir='ltr'>adulterae]</span> <span class='ocrx_word' id='word_1_369' title='bbox 1051 4496 1189 4566; x_wconf 81' lang='lat' dir='ltr'>genitivus</span> <span class='ocrx_word' id='word_1_370' title='bbox 1207 4500 1259 4561; x_wconf 86' lang='lat' dir='ltr'>est,</span> 
     </span>
     <span class='ocr_line' id='line_1_46' title="bbox 78 4564 1261 4635; baseline 0.004 -18"><span class='ocrx_word' id='word_1_371' title='bbox 78 4566 125 4617; x_wconf 78' lang='lat' dir='ltr'>uti</span> <span class='ocrx_word' id='word_1_372' title='bbox 141 4572 204 4623; x_wconf 84' lang='lat' dir='ltr'>sunt</span> <span class='ocrx_word' id='word_1_373' title='bbox 219 4565 396 4631; x_wconf 77' lang='lat' dir='ltr'>Meinekius,</span> <span class='ocrx_word' id='word_1_374' title='bbox 411 4564 556 4635; x_wconf 81' lang='lat' dir='ltr'>Hauptius,</span> <span class='ocrx_word' id='word_1_375' title='bbox 572 4568 637 4621; x_wconf 78' lang='lat' dir='ltr'>Lin-</span> <span class='ocrx_word' id='word_1_376' title='bbox 688 4584 744 4622; x_wconf 86' lang='lat' dir='ltr'>non</span> <span class='ocrx_word' id='word_1_377' title='bbox 767 4566 886 4621; x_wconf 78' lang='lat' dir='ltr'>tistitus.</span> <span class='ocrx_word' id='word_1_378' title='bbox 928 4570 1055 4635; x_wconf 76' lang='lat' dir='ltr'>Splendet</span> <span class='ocrx_word' id='word_1_379' title='bbox 1080 4566 1153 4621; x_wconf 87' lang='lat' dir='ltr'>onim</span> <span class='ocrx_word' id='word_1_380' title='bbox 1179 4570 1261 4622; x_wconf 87' lang='lat' dir='ltr'>abso·</span> 
     </span>
     <span class='ocr_line' id='line_1_47' title="bbox 78 4632 1259 4710; baseline 0.002 -18"><span class='ocrx_word' id='word_1_381' title='bbox 78 4632 157 4702; x_wconf 66' lang='lat' dir='ltr'>tens,</span> <span class='ocrx_word' id='word_1_382' title='bbox 183 4639 332 4701; x_wconf 72' lang='lat' dir='ltr'>nissam,</span> <span class='ocrx_word' id='word_1_383' title='bbox 366 4636 448 4690; x_wconf 83' lang='lat' dir='ltr'>nulia</span> <span class='ocrx_word' id='word_1_384' title='bbox 470 4640 638 4696; x_wconf 63' lang='lat' dir='ltr'>nemun</span> <span class='ocrx_word' id='word_1_385' title='bbox 686 4639 746 4694; x_wconf 87' lang='lat' dir='ltr'>luta</span> <span class='ocrx_word' id='word_1_386' title='bbox 768 4639 892 4710; x_wconf 86' lang='lat' dir='ltr'>positum</span> <span class='ocrx_word' id='word_1_387' title='bbox 915 4642 973 4693; x_wconf 84' lang='lat' dir='ltr'>est:</span> <span class='ocrx_word' id='word_1_388' title='bbox 1001 4636 1092 4705; x_wconf 87' lang='lat' dir='ltr'>floret,</span> <span class='ocrx_word' id='word_1_389' title='bbox 1123 4639 1259 4709; x_wconf 85' lang='lat' dir='ltr'>superbit.</span> 
     </span>
    </p>
   </div>
   <div class='ocr_carea' id='block_1_6' title="bbox 0 0 1568 5225">
    <p class='ocr_par' dir='ltr' id='par_1_6' title="bbox 0 0 1568 5225">
     <span class='ocr_line' id='line_1_48' title="bbox 0 0 1568 5225; baseline 0 1"><span class='ocrx_word' id='word_1_390' title='bbox 0 0 1568 5225; x_wconf 95' lang='lat' dir='ltr'> </span> 
     </span>
    </p>
   </div>
  </div>
 </body>
</html>
