3125 5225
461 291 548 357 LIB.
569 291 632 356 III.
656 289 794 360 GARM.
816 290 882 359 III.

1214 291 1273 356 167

529 481 719 568 Girumu
755 483 828 568 ΙΠ.

272 645 421 720 Iustum
445 659 484 721 ct
507 659 679 722 tenacem
704 647 894 745 propositi
919 645 1044 721 virum
1119 683 1124 694 ·

274 769 363 844 Non
391 768 533 845 civium
557 769 675 845 ardor
697 795 819 868 prava
835 770 1061 864 iubentium,

259 1033 410 1089 Carmen
427 1033 476 1088 ΙΙΙ.

125 1129 162 1184 lle
175 1129 237 1184 huic
255 1129 370 1199 quidem
388 1131 507 1186 carmini
521 1131 654 1202 proprius

97 1203 174 1257 aditus
188 1206 315 1272 paratur,
341 1202 391 1256 sed
416 1201 511 1257 subita
534 1201 654 1273 quadam

96 1274 196 1336 ratione,
221 1277 254 1327 ut
282 1289 346 1327 cum
372 1274 565 1344 superioribus
588 1290 654 1328 oon·

95 1344 186 1399 iunctio
200 1348 344 1414 appareat,
363 1348 464 1414 quamn
475 1345 589 1399 additur
597 1345 654 1400 rir-

96 1421 133 1470 tus
147 1415 327 1470 mustantiaa
364 1415 409 1470 Ea
426 1416 510 1480 onim,
527 1416 653 1472 iustitiae

94 1504 180 1551 eomes,
196 1487 298 1557 primis
318 1487 415 1540 statim
432 1487 561 1542 versibus
574 1487 654 1556 quasi

94 1575 178 1627 parans
213 1557 397 1628 preadicatur
426 1558 528 1614 invicti
559 1559 653 1623 animi,

94 1631 133 1698 qui
147 1647 180 1684 ne
199 1647 326 1684 summae
364 1629 459 1684 uidem
475 1633 647 1700 potestati-

94 1703 179 1771 iuqua
196 1699 346 1771 significan
405 1701 547 1756 amiuore
566 1701 654 1756 homi·

93 1790 147 1826 nuru
163 1773 190 1828 ri
207 1789 260 1842 per
277 1772 451 1828 naturalium
468 1791 564 1827 rerum
614 1779 654 1827 te·

92 1848 179 1898 mlum
196 1843 233 1898 ad
251 1843 455 1898 validissimum
472 1843 561 1913 ipsius
594 1844 654 1898 oris

91 1933 188 1968 nauum
207 1915 395 1970 adsuenditm·
415 1945 451 1955 —
468 1932 589 1984 unquam
607 1932 654 1972 oe·

92 1985 134 2041 dit
178 1987 347 2042 Constantis
364 1986 454 2042 uirtus
471 1991 516 2041 est
535 2003 590 2056 qua
606 1985 655 2056 qui

91 2061 156 2112 omui
177 2061 311 2127 tempore
332 2058 405 2112 bena
425 2074 534 2112 merare
561 2059 655 2113 volue-

90 2135 146 2183 runt
161 2128 195 2183 de
207 2129 381 2192 hominibus,
400 2146 503 2199 magua
520 2147 572 2183 sua
587 2129 655 2184 isoi-

89 2218 146 2256 nora
162 2205 289 2270 patrare,
308 2205 452 2256 aetemam
468 2199 581 2254 laudem
600 2199 655 2255 sibi

90 2289 176 2340 perure
202 2272 336 2340 viamque
364 2272 402 2326 ad
418 2271 527 2327 coelum
545 2272 655 2326 munire

89 2347 237 2414 potuerunt.
268 2343 398 2410 Quorum
415 2343 591 2412 splendidum
608 2359 656 2398 ex·

88 2416 196 2484 amplum
212 2413 355 2469 Romulus
372 2418 424 2478 est,
453 2414 501 2484 qui
518 2432 574 2485 qua
589 2415 655 2469 emi-

88 2489 138 2540 nuit
152 2488 256 2542 virtute
272 2486 412 2540 invidiam
431 2489 461 2539 et
473 2487 568 2540 odium
579 2503 655 2540 acer·

87 2557 181 2613 bissini
212 2559 305 2614 mam
334 2557 485 2615 advourii
512 2559 656 2629 superarit

88 2632 226 2700 urbemque
253 2631 378 2685 &mam
404 2629 527 2685 condere
550 2647 584 2685 ac
607 2629 656 2683 fir-

88 2718 152 2756 uars
176 2703 283 2771 potuit.
329 2701 399 2756 Iuno
423 2701 505 2783 enim,
533 2718 590 2756 non
613 2706 655 2756 te·

87 2772 656 2913 mundusisto-uc:

88 2914 181 2970 luntate
200 2934 236 2971 ac
262 2919 412 2986 potestate
431 2915 526 2984 potuit
542 2914 655 2971 efficere

87 2986 265 3043 indelendsm
275 2988 381 3042 urbem
390 2986 502 3041 Tmiam
513 2986 580 3041 olim
589 3004 655 3043 con·

86 3060 182 3123 tulerat,
202 3076 278 3128 quae
298 3075 365 3114 cum
385 3074 464 3111 suum
479 3057 653 3113 maiestatem

85 3128 272 3200 Mmerraeque
298 3131 462 3184 castitatem
485 3145 552 3197 prae
577 3130 655 3183 luxu·

86 3203 119 3282 ris
138 3219 169 3257 sc
186 3201 316 3257 mollitie
337 3205 526 3269 contemptam
547 3218 565 3254 a
583 3201 655 3255 Tro-

86 3274 145 3327 unis
170 3274 295 3327 vidisset
327 3276 416 3326 totam
444 3286 505 3326 sese
537 3272 655 3341 stirpam

84 3361 231 3399 oremuram
249 3345 411 3406 iuraverat,
428 3348 522 3397 tamen
542 3342 656 3397 Romuli

84 3419 658 3555 lttittttstsslttlntlsstlt

84 3560 133 3612 rult
149 3560 311 3627 prohibere
339 3575 429 3625 neque
453 3555 542 3625 magia
568 3556 656 3625 impe-

83 3628 133 3683 dire
155 3630 314 3699 quominus
336 3628 522 3683 Troianorum
547 3628 655 3696 posteri

83 3715 111 3754 m
125 3702 193 3756 urba
211 3717 267 3757 sua
277 3699 403 3763 ltaliam,
420 3698 546 3753 exltalia
564 3705 655 3753 totam

83 3776 175 3827 terram
192 3773 365 3834 subiiciunt,
381 3769 532 3825 dummodo
554 3775 588 3823 ut
604 3771 654 3823 im·

83 3843 142 3909 perii
162 3861 271 3913 pareus
297 3842 435 3897 Romulus
458 3858 513 3910 quo
538 3841 654 3895 tendere

83 3914 192 3970 debeant
209 3918 298 3970 recte
309 3921 480 3983 pernoscunt
491 3928 582 3980 nequo
593 3931 655 3983 per·

83 3983 144 4039 lidae
160 3988 265 4041 Troiae
294 3993 326 4039 et
354 3984 490 4038 maiorum
515 3982 586 4036 falsa
609 4000 654 4039 re·

704 995 781 1047 nent
824 991 967 1046 Audacter
984 993 1068 1060 poeta
1089 989 1178 1060 ipsam
1197 989 1279 1045 Iuno-

703 1079 769 1117 nem
788 1063 824 1117 ad
843 1063 911 1118 deos
929 1061 964 1115 de
981 1061 1143 1132 recipiendo
1168 1061 1198 1114 in
1216 1078 1277 1117 coe·

703 1134 762 1188 lum
769 1134 889 1188 Romulo
909 1134 1049 1188 dicentem
1061 1132 1138 1197 fecit,
1155 1132 1278 1187 sednon

703 1205 810 1260 maiore
828 1205 944 1260 audacia
964 1220 1047 1273 quam
1064 1203 1210 1260 felicitato.
1232 1204 1279 1257 Vi·

704 1277 753 1331 des
778 1279 862 1342 euim,
894 1283 998 1346 qusnta
1025 1278 1094 1340 urta,
1126 1274 1279 1345 praemissa

704 1348 826 1418 generali
854 1347 973 1416 quadam
999 1347 1035 1400 de
1054 1349 1211 1402 constantia
1230 1345 1279 1400 do·

703 1420 805 1483 ctrina,
823 1419 973 1489 quidinde
992 1417 1131 1472 commodi
1141 1416 1279 1471 redunda-

705 1489 779 1545 verit
798 1495 827 1544 et
844 1489 984 1544 redundet
1012 1487 1041 1542 in
1059 1488 1206 1558 imerium
1224 1487 1279 1542 Ro·

702 1579 849 1616 manorum
876 1561 956 1616 deam
983 1561 1130 1614 docentem
1162 1559 1280 1614 induxe-

704 1635 756 1703 rit;
786 1650 870 1702 quam
893 1631 1005 1703 egregie
1030 1647 1062 1684 ea
1080 1631 1194 1685 deorum
1214 1647 1279 1684 con-

703 1705 748 1758 cio
772 1705 886 1758 inventa
910 1704 955 1766 sit,
984 1719 1038 1772 quo
1062 1701 1177 1756 consilio
1196 1701 1279 1755 luno-

703 1775 756 1839 nis,
774 1793 831 1828 non
849 1775 919 1828 alius
937 1773 985 1828 dai
1003 1773 1157 1828 orationem
1177 1772 1277 1828 retule-

703 1847 750 1900 rit
787 1845 864 1901 Nihil
881 1845 910 1899 in
927 1846 978 1900 hac
994 1845 1121 1900 oratione
1138 1845 1214 1898 inest
1231 1844 1279 1898 de·

705 1917 857 1987 gressionis
890 1917 984 1972 nescio
1019 1915 1097 1970 cuius
1133 1915 1277 1985 poeticae;
1327 1929 1330 1938 ·

704 1990 776 2044 latet
792 1989 832 2044 ibi
850 2005 960 2044 summa
973 1987 1113 2051 carminis,
1134 2004 1218 2056 quum
1236 1986 1278 2040 in·

704 2060 789 2114 solita
819 2059 937 2128 quadam
964 2059 1055 2114 forma
1077 2057 1278 2113 inclusumve·

704 2135 786 2186 nuato
797 2136 884 2214 posta
894 2129 1039 2186 excusavit
1047 2129 1187 2185 clausulae
1197 2128 1280 2183 simul

704 2203 879 2272 aptissimam
901 2201 1039 2256 rationem
1066 2203 1174 2254 neotus.
1222 2199 1278 2254 Ad-

704 2273 831 2328 miranda
850 2273 936 2327 etiam
959 2276 1002 2326 est
1030 2271 1180 2326 admodum
1197 2275 1280 2340 grata

704 2345 864 2409 urbanitas,
891 2361 947 2413 qua
964 2361 1008 2398 rr.
1022 2347 1063 2399 11.
1085 2346 1116 2397 12
1134 2343 1279 2411 Augustus

704 2431 869 2486 magnorum
887 2415 1022 2480 virorum,
1040 2431 1159 2484 quorum
1175 2412 1278 2468 labori-

706 2489 759 2542 bus
778 2487 915 2542 securitas
934 2491 963 2540 st
980 2485 1068 2540 otium
1079 2486 1217 2540 bonorum
1228 2484 1278 2538 ho·

704 2560 810 2613 minum
830 2559 865 2613 ab
882 2557 990 2614 insidiis
1009 2561 1038 2612 et
1055 2557 1128 2613 dolis
1142 2557 1278 2611 mulorum

703 2630 846 2685 hominum
866 2634 895 2684 et
912 2629 1035 2685 ferarum
1052 2629 1207 2683 bestiarum
1219 2628 1278 2681 vin·

704 2702 800 2757 dicata
823 2700 889 2755 olim
914 2718 975 2756 esse
1004 2700 1163 2763 truduntur,
1193 2699 1279 2754 socie·

704 2774 759 2828 tati
766 2772 938 2828 adscribitur
949 2790 1012 2827 oum
1017 2771 1191 2841 Romuloque
1204 2788 1278 2825 oom-

704 2842 1278 2985 ll‘i‘l'qubffiistilii‘ffiirhlissiil

733 2958 740 2971 .
903 2954 909 2979 ‚
952 2956 960 2980 ,
1069 2954 1076 2969 .

704 2992 747 3043 est
772 2987 847 3057 quod
865 2986 970 3053 dicunt,
997 2986 1125 3040 habuisse
1150 2983 1217 3037 olim
1234 2983 1278 3037 Iu-

705 3059 774 3113 lium
802 3056 946 3111 Caesarem
974 3056 1049 3111 sedis
1075 3056 1187 3125 imperii
1210 3054 1278 3109 Tro-

704 3131 761 3186 iam
787 3128 997 3183 trausfsrsndas
1022 3126 1178 3191 eonsilium,
1215 3126 1278 3181 fieri

704 3202 799 3272 potuit
816 3204 848 3253 ut
867 3200 933 3254 inde
951 3204 1034 3269 poeta
1051 3198 1123 3251 lianc
1146 3197 1278 3253 carminis

704 3274 824 3327 formam
842 3274 972 3325 sumeret.
1010 3268 1083 3336 Quid
1096 3268 1170 3323 enim
1188 3268 1278 3339 magis

704 3344 851 3412 imperium
870 3341 989 3411 perdere
1003 3340 1161 3410 potuisset?
1172 3368 1205 3379 -
1214 3339 1277 3393 Nou

704 3414 896 3483 improbabilis
923 3416 967 3467 est
992 3412 1161 3477 coniectura,
1190 3410 1278 3465 Hora·

703 3487 776 3541 tium
795 3484 825 3539 in
843 3484 970 3538 oratione
989 3482 1102 3537 Iunonis
1121 3483 1278 3551 exemplum

703 3556 789 3612 Ennii
806 3559 931 3609 secutum
943 3572 1013 3617 esse,
1030 3554 1108 3607 ouius
1120 3552 1279 3623 fragmenta

703 3646 760 3683 non
778 3628 876 3696 inepto
898 3627 938 3681 sio
960 3625 1179 3694 coniunguntur:
1211 3624 1279 3677 »Re-

704 3698 824 3769 spondet
848 3696 917 3751 luuo
936 3697 1066 3751 Saturnia
1090 3698 1188 3749 sancta
1215 3696 1278 3749 dea·

706 3788 784 3825 rum«
798 3773 827 3825 et
840 3768 989 3823 »Romulus
1008 3768 1037 3821 in
1057 3767 1135 3821 coelo
1153 3784 1216 3820 cum
1235 3766 1279 3821 dis

704 3841 875 3913 genitalibus
897 3856 994 3895 aevum
1012 3837 1128 3908 Degut.‹
1166 3839 1279 3892 Summa

704 3914 714 3966 i
737 3915 793 3965 'tur
811 3908 942 3965 carminis
959 3908 1084 3965 cernitur
1104 3908 1133 3962 iu
1150 3908 1231 3963 laude
1249 3915 1279 3963 et

704 3984 797 4055 geria
816 3982 935 4037 nominis
954 3980 1081 4043 Romani,
1103 3980 1131 4033 in
1149 3984 1279 4035 coustan-

84 4056 156 4125 stigia
175 4060 349 4128 sequantur.
394 4055 472 4109 luter
490 4053 607 4108 Romam
626 4060 656 4109 et
704 4057 746 4111 tia
763 4058 897 4123 tanquam
922 4052 951 4106 in
975 4050 1155 4105 fundamento
1179 4052 1279 4120 posita,

84 4126 184 4183 Troiam
207 4144 294 4183 mara
325 4126 433 4181 saeviat
457 4141 572 4180 neeesse
601 4130 653 4191 est,
704 4144 755 4197 per
783 4142 918 4179 annorum
948 4124 1050 4177 seriem
1078 4122 1206 4189 adauctu,
1242 4124 1277 4176 ab

84 4197 157 4253 Troia
170 4205 205 4254 ut
215 4202 541 4267 renascaturnunquam
559 4201 656 4267 potest
704 4200 834 4267 Augusto
847 4196 883 4251 ad
896 4210 1032 4250 summum
1042 4192 1187 4263 fastigium
1196 4192 1279 4248 slata.

84 4271 195 4337 uonuedi,
213 4268 450 4326 h.e.uereudum
468 4269 656 4324 estneRoma
740 4269 773 4323 V.
787 4272 810 4323 1.
848 4266 976 4335 tenacem]
1006 4264 1051 4319 Sic
1069 4264 1146 4319 Caes.
1165 4265 1193 4319 b.
1213 4282 1235 4319 o.
1255 4264 1276 4327 Ι,

84 4344 229 4412 exemplum
250 4341 359 4395 Troiae
375 4346 518 4409 sequatur,
547 4357 582 4393 ne
600 4340 656 4395 Ro-
705 4343 740 4395 83
767 4344 879 4394 »tenere
905 4340 1025 4407 uterque
1043 4336 1220 4405 propositum
1240 4336 1277 4390 vi·

84 4430 122 4466 na
143 4414 234 4469 altera
257 4412 345 4481 quasi
372 4411 473 4466 eredat
496 4411 589 4475 Troia,
618 4429 655 4467 ne
705 4412 850 4467 debatur.«
869 4409 908 4463 Et
917 4408 996 4465 Ovid.
1008 4408 1076 4461 Met.
1088 4406 1183 4469 x‚4oo
1198 4423 1279 4476 »pro-

84 4482 190 4541 Romaui
213 4485 297 4541 eires
324 4482 486 4537 divitiarum
512 4482 655 4538 blanditiis
704 4482 845 4553 positique
864 4484 973 4535 tenum«
1005 4476 1077 4545 Quid
1095 4477 1125 4531 in
1143 4476 1228 4531 simili
1247 4495 1279 4532 re

85 4556 187 4611 obniti
203 4555 464 4624 voluptatibusque
483 4556 559 4624 capti
584 4553 655 4608 divi-
704 4554 809 4609 audere
826 4552 953 4621 potuerit
971 4554 1064 4620 poeta,
1094 4548 1219 4603 ostendit
1238 4548 1278 4602 lo·

85 4643 139 4683 uam
155 4629 337 4685 mdestatem
357 4628 390 4681 st
404 4626 654 4696 sapientiamsper·
705 4642 754 4681 uus
770 4624 864 4695 Epist.
883 4623 910 4686 1,
930 4626 972 4687 13,
993 4624 1032 4675 ll.
1062 4648 1096 4661 -
1123 4621 1215 4689 ardor]
1242 4621 1279 4675 de
