3125 5225
286 291 350 357 688
502 292 506 298 ’
583 291 646 357 DE
670 292 790 360 ARTE
812 292 1014 361 POETIOA
1037 293 1183 362 LIBER.

286 491 461 556 naturam
483 481 726 577 pertinaciter
753 496 980 580 prementes,
1009 495 1051 558 ut
1076 508 1144 558 nos
1163 508 1250 557 cum
1275 481 1323 557 ad
1339 469 1481 558 amicos
1555 486 1556 575 ξ

286 606 496 681 scribamus
513 630 765 706 quaecunque
778 607 818 681 in
834 606 1024 684 calamum
1044 608 1170 707 prima
1191 606 1482 707 quasiincidant

285 730 392 806 nullo
420 732 579 808 consilio
606 746 672 808 aut
697 733 832 811 ordine
858 760 904 809 ex
930 734 1089 809 arbitrio
1117 732 1405 831 coniungamus,
1431 732 1482 806 ita

285 867 438 953 poetam
471 858 522 933 ad
555 857 712 935 Pisones
747 860 977 935 scribentem
1014 856 1143 933 omnia
1177 857 1254 933 alia
1290 856 1481 932 miscuisse

285 980 532 1059 affirmarent.
559 982 657 1058 Mihi
683 984 839 1083 quidem
867 984 940 1059 hoo
961 1010 1114 1061 carmen
1128 984 1177 1059 ab
1192 983 1355 1059 Horatio
1375 981 1481 1082 quasi
1555 1010 1556 1097 ᾗ

286 1104 483 1204 quoddam
503 1119 770 1185 testamentum
797 1108 973 1184 relictum
992 1109 1156 1205 videtur,
1172 1133 1249 1208 quo
1269 1108 1370 1185 cives
1383 1132 1479 1202 suos,
1555 1104 1556 1187 l

285 1230 473 1326 imprimis
498 1243 643 1328 poetas,
675 1233 724 1307 ab
748 1232 793 1307 iis
816 1232 918 1309 vitiis
947 1233 1087 1333 quibus
1114 1256 1179 1307 eos
1204 1231 1356 1309 videret
1376 1230 1480 1307 labo·
1555 1230 1556 1309 ³

285 1380 371 1431 rare
393 1354 604 1433 deterreret
629 1358 958 1458 coniungeretque
984 1382 1082 1459 quae
1109 1356 1181 1433 sibi
1206 1377 1277 1454 per
1303 1382 1413 1433 suam
1428 1355 1480 1430 vi·

285 1490 363 1553 tam
389 1505 460 1553 usu
486 1491 524 1555 et
549 1482 783 1581 experientia
808 1483 964 1559 edoctus
982 1508 1075 1559 sana
1093 1482 1245 1559 fecisset
1266 1492 1479 1579 praecepta,

286 1603 380 1679 olim
405 1605 481 1679 iam
508 1630 684 1704 magnam
711 1620 871 1705 partem,
900 1634 986 1684 oum
1012 1609 1131 1684 ferret
1157 1606 1318 1702 eccesie,
1340 1629 1480 1703 propo·
1555 1596 1556 1655 ἶ

285 1728 357 1804 sita
382 1755 452 1826 per
476 1728 688 1829 satirasque
713 1742 750 1807 et
777 1731 957 1829 epistolas
983 1730 1174 1829 dispersa3
1205 1727 1310 1829 quod
1325 1726 1480 1828 quidem
1555 1750 1556 1805 f

285 1854 453 1952 itafecit,
471 1866 604 1929 utnon
626 1843 828 1931 consilium
843 1855 960 1931 fixum
982 1854 1214 1955 praeviaque
1235 1851 1480 1929 meditatione

284 1992 480 2080 repertum
503 1981 700 2057 rhetorum
725 1982 841 2057 modo
869 1992 1102 2081 sequeretur,
1118 1978 1185 2057 sed
1198 1978 1346 2079 ingenii
1371 2002 1479 2076 prae·

285 2105 422 2180 stantia
449 2106 659 2185 ductusab
685 2134 830 2187 unare
864 2109 914 2185 ad
950 2108 1121 2195 alteram,
1159 2116 1364 2207 cognatam
1398 2126 1480 2179 eam

287 2229 444 2328 quidem
471 2244 508 2307 et
533 2230 633 2307 ultro
659 2245 921 2331 apparentem,
955 2232 1064 2333 quasi
1096 2254 1166 2329 per
1189 2228 1346 2329 planam
1381 2226 1481 2303 viam
1555 2202 1556 2291 l

286 2356 475 2432 transiret.
526 2356 588 2433 Sic
612 2358 675 2434 oui
696 2382 849 2433 meeum
874 2382 1097 2457 persuasum
1120 2355 1203 2451 erit,
1241 2352 1380 2431 eiiam
1406 2376 1481 2427 non
1555 2406 1556 2449 3

287 2480 481 2555 videbitur
507 2482 658 2579 mirum,
671 2508 743 2560 ,our
767 2508 838 2582 per
859 2482 1045 2558 maiorem
1070 2492 1218 2579 partem
1240 2476 1421 2555 carminis
1437 2474 1483 2551 de
1555 2498 1556 2585 ζ

288 2603 497 2683 dramatico
523 2587 631 2704 poesi
654 2621 769 2706 poeta
796 2607 1046 2708 disputaverit
1073 2604 1318 2705 plurimaque
1355 2617 1393 2680 et
1424 2627 1483 2677 ex·
1555 2588 1556 2662 ἐ

287 2730 415 2830 empla
441 2743 478 2808 et
502 2747 706 2834 praecepta
731 2733 781 2810 ad
807 2735 915 2810 illam
940 2731 1208 2832 applicaverit,
1236 2729 1285 2807 de
1311 2755 1359 2806 ea
1384 2727 1483 2806 enim

288 2854 490 2935 falsissime
521 2872 602 2934 tum
626 2859 839 2936 iudicatum
862 2872 918 2936 est
942 2873 981 2936 et
1007 2884 1030 2933 a
1055 2856 1201 2958 populo
1234 2855 1414 2930 universo
1450 2863 1484 2926 et

287 3005 311 3054 a
334 2982 467 3078 poetis,
504 2985 571 3083 qui
604 2984 832 3083 popularem
862 2983 1017 3060 laudem
1051 2995 1245 3081 captantes
1272 2979 1324 3055 ad
1349 2975 1483 3078 populi
1555 2975 1556 3040 ἓ

286 3103 471 3183 iudicium
491 3108 643 3184 fabulas
670 3108 875 3208 diligenter
901 3105 1246 3184 accommodarent.

389 3245 454 3323 Ad
474 3249 632 3328 Pisones
647 3252 826 3351 scriptam
842 3277 923 3330 esse
946 3249 1147 3350 epistolam
1170 3249 1309 3326 docent
1327 3247 1370 3325 hi
1391 3243 1482 3322 loci:
1555 3333 1556 3346 1

287 3399 322 3446 v.
349 3377 384 3447 6.
406 3377 439 3447 6.
456 3377 513 3449 24.
533 3373 647 3472 (163).
663 3380 747 3454 236.
768 3377 1148 3454 abstineamus.
1171 3371 1268 3470 (385.
1282 3375 1385 3463 426.)
1400 3373 1482 3448 436.

289 3501 347 3574 De
371 3500 574 3575 Pisonibus
600 3500 695 3577 haec
721 3501 963 3578 tradiderunt
989 3500 1232 3577 scholiastae:
1281 3497 1418 3592 ,Hune
1440 3493 1483 3570 li-
1555 3509 1556 3514 ’

286 3623 401 3698 brum
419 3623 486 3722 qui
506 3623 726 3701 inscribitur
750 3625 799 3700 de
816 3637 897 3701 arte
913 3625 1063 3723 poetica
1082 3624 1131 3699 ad
1148 3621 1191 3700 L.
1205 3621 1398 3718 Pisonem,
1420 3617 1484 3720 qui
1555 3655 1556 3666 ¹

287 3760 422 3846 postca
446 3749 553 3826 urbis
579 3730 703 3826 custos
730 3751 813 3846 fuit,
844 3752 1004 3851 eiusque
1030 3749 1172 3828 hberos
1195 3747 1310 3826 misit.
1336 3744 1484 3824 Namet
1555 3795 1556 3840 3

290 3873 374 3970 ipse
395 3872 484 3948 Piso
512 3887 627 3972 poeta
652 3876 728 3951 fuit
750 3889 789 3953 et
814 3876 1027 3952 studiorum
1053 3874 1272 3952 liberalium
1298 3865 1483 3950 anusasf‘
1555 3857 1556 3950 }

286 3998 335 4072 Et
357 3998 446 4075 Tac.
473 3997 740 4096 Ann.VI,10:
768 4001 860 4094 „Per
885 3999 988 4076 idem
1017 4011 1168 4097 tempus
1196 4001 1244 4089 (a.
1271 4023 1308 4072 6.
1338 4021 1369 4072 6.
1397 3993 1480 4082 786)
1555 4093 1556 4100 ¹

287 4123 331 4198 L.
344 4121 432 4198 Piso
458 4123 642 4221 pontifex,
670 4151 799 4200 rarum
826 4125 865 4200 in
890 4137 996 4200 tanta
1024 4122 1263 4218 claritudine,
1283 4125 1362 4198 fato
1377 4117 1479 4213 obiit,
1555 4187 1556 4192 ,

288 4247 430 4322 nullius
452 4247 600 4324 servilis
627 4249 814 4325 sententia
839 4263 976 4348 sponte
1000 4261 1135 4326 auctor
1160 4260 1208 4344 et,
1245 4245 1391 4347 quoties
1418 4267 1481 4318 ne·
1555 4245 1556 4262 ³

288 4371 439 4448 cessitas
466 4372 670 4470 ingrueret,
699 4373 891 4472 sapienter
912 4374 1129 4452 moderans.
1155 4373 1309 4448 Patrem
1334 4371 1369 4444 ei
1395 4393 1479 4444 oen·

288 4496 432 4571 sorium
447 4498 566 4573 fuisse
581 4498 813 4605 memoravit
841 4513 943 4576 aetas
964 4497 1014 4574 ad
1036 4497 1315 4596 octogesimum
1339 4517 1476 4570 annum
1555 4555 1556 4582 2

285 4621 487 4719 prooessit,
515 4621 630 4698 decus
655 4622 889 4722 triumphale
913 4625 954 4702 in
980 4622 1144 4702 Thracia
1169 4631 1367 4698 meruerat
1403 4613 1476 4694 Sed
