3125 5225
852 234 877 301 6

268 443 303 489 re
335 422 473 489 adverse
506 424 628 491 muiore
661 420 768 489 studio
791 430 825 486 ct
857 424 1058 513 impensiore
1079 445 1181 511 opera
1200 424 1309 513 pulum
1328 445 1468 493 exerce-

268 532 339 595 ret“
354 531 403 615 ¹⁹).
456 528 617 597 Nimirum
641 554 708 598 non
726 531 830 599 latina
850 532 957 599 selum
979 532 1040 599 ssd
1061 553 1184 619 graecu
1203 532 1302 599 etiam
1321 534 1470 601 carrniun

271 649 512 727 composuerat3
547 662 743 727 quemquem
774 641 815 706 ab
837 640 888 705 bis
911 640 1080 726 abstinuit,
1108 643 1231 731 quippe
1253 665 1295 707 ne
1317 642 1408 727 ligna
1432 643 1470 707 in

267 745 384 813 silvam
414 749 501 813 ferre
531 749 759 833 videreturw).
814 750 908 832 Quae
937 772 1011 815 cum
1035 750 1082 815 itu
1108 750 1184 834 sint,
1213 748 1470 836 haudquaquam

267 863 377 941 potest
398 860 524 944 negari,
556 858 660 944 lyrica
686 880 818 945 quoque
847 858 993 925 carmina
1021 860 1086 925 ism
1106 860 1148 923 ab
1167 857 1375 924 adolescente
1396 858 1470 924 Ho-

267 962 348 1028 ratio
372 965 473 1044 fuisse
495 976 618 1033 tentata
639 977 737 1055 atque
762 968 798 1033 in
819 967 871 1033 his
892 967 972 1056 ipsis
994 988 1079 1055 quse
1107 989 1198 1035 nunc
1226 966 1369 1051 legimus
1396 988 1469 1032 car·

267 1070 410 1139 minibus
431 1074 538 1141 inesse
560 1076 726 1160 nonnulla,
756 1096 839 1164 quae
870 1076 985 1163 primis
1011 1085 1186 1163 postquam
1205 1075 1240 1141 in
1262 1074 1392 1141 Italiam
1413 1096 1468 1140 re-

268 1198 381 1245 versus
408 1190 457 1247 est
484 1183 576 1249 annis
607 1186 790 1272 composita
821 1194 913 1251 reete
943 1184 1100 1249 dicemus.
1153 1182 1240 1250 Num
1272 1184 1351 1271 quid
1383 1193 1470 1267 erat,

269 1288 357 1373 quod
380 1290 553 1375 quominus
582 1300 698 1379 postes
727 1289 817 1356 inter
846 1290 974 1355 edenda
1005 1290 1149 1355 carmina
1176 1289 1336 1357 nonnulla
1367 1290 1470 1355 etism

272 1397 395 1464 dudum
416 1399 596 1487 composite
617 1400 653 1463 in
679 1398 876 1486 scriniisque
895 1406 1023 1463 servsts
1042 1397 1206 1484 reciperet
1226 1418 1303 1464 eum
1329 1397 1471 1487 impedi·

269 1506 347 1572 ret?
390 1507 526 1577 Scilicet
545 1507 634 1573 uliud
657 1516 707 1571 est
731 1490 888 1593 quaerere
909 1526 973 1589 quo
996 1515 1145 1594 tempore
1166 1504 1300 1588 singula
1319 1506 1467 1571 csrminn

270 1617 500 1703 composuerit,
520 1615 608 1681 aliud
631 1614 760 1703 quando
783 1615 957 1679 coniuncte
976 1613 1126 1679 ediderit.
1176 1613 1261 1679 Nem
1292 1634 1376 1697 quse
1396 1638 1468 1681 car·

270 1723 357 1789 mina
386 1726 692 1812 compositionum,
723 1745 763 1789 es
792 1724 902 1791 statim
931 1745 1007 1790 cum
1034 1722 1147 1789 amicis
1173 1732 1208 1787 et
1234 1722 1316 1805 aliis,
1348 1726 1469 1811 quibus

269 1842 396 1899 rectum
417 1835 458 1900 ds
483 1835 643 1902 eiusmodi
662 1834 763 1899 rebus
792 1831 950 1899 iudicium
983 1842 1080 1916 esset,
1114 1831 1357 1912 communicari,
1387 1832 1469 1897 dein

268 1953 383 2032 postes
405 1964 488 2027 quse
509 1943 652 2009 maxime
676 1941 874 2030 placuissent
894 1941 929 2005 in
950 1962 1050 2007 unum
1074 1960 1195 2027 corpus
1215 1939 1392 2007 coniuncte
1413 1940 1470 2006 edi

270 2060 303 2115 et
326 2050 458 2117 divendi
471 2054 511 2131 21)
530 2051 690 2119 solebant.

351 2160 423 2226 Ism
446 2182 524 2227 vero
543 2182 619 2227 cum
640 2184 660 2227 u
679 2168 772 2247 putre
794 2159 839 2225 ita
858 2159 1015 2225 educatus
1036 2165 1124 2223 esset
1137 2156 1307 2240 Horatius,
1331 2166 1367 2221 ut
1388 2155 1469 2244 quid

271 2268 444 2338 honestum
467 2278 554 2337 esset
575 2268 653 2357 quid
682 2278 790 2356 turpe,
822 2266 890 2331 vitu
920 2266 1025 2353 magis
1060 2274 1094 2330 et
1124 2264 1285 2349 exemplis
1295 2265 1338 2349 21)
1368 2286 1468 2349 quam

268 2378 363 2444 libris
385 2387 417 2443 ct
439 2377 587 2443 doctrine
610 2386 835 2463 cognosceret,
862 2376 983 2442 deinde
1005 2375 1150 2443 Athenis
1179 2374 1225 2439 ita
1251 2374 1470 2463 philosophos

269 2487 423 2570 audisset,
450 2496 486 2551 ut
509 2486 609 2553 vellet
631 2508 751 2570 ,curvo
778 2485 974 2571 dignoscere
1003 2484 1150 2550 rsctum“
1163 2485 1216 2567 28),
1247 2484 1383 2550 Romam
1413 2505 1469 2549 re·

268 2617 384 2662 uersus
414 2617 481 2660 non
506 2596 614 2684 potuit
639 2596 757 2680 fucere,
790 2594 869 2682 quin
897 2617 1015 2685 pravus
1043 2594 1093 2662 sui
1123 2591 1279 2683 temporis
1308 2592 1469 2682 cupidita-

271 2715 340 2789 tes,
372 2717 543 2794 corruptos
566 2706 734 2773 hominum
757 2726 882 2796 mores,
914 2705 1023 2772 insuia
1050 2703 1171 2770 civium
1199 2701 1306 2768 studio
1327 2703 1466 2768 ubicun-

273 2836 337 2902 que
368 2823 582 2882 occurrerent
616 2814 891 2880 animadverteret
921 2813 1127 2897 candidoque
1158 2830 1223 2896 quo
1258 2819 1329 2876 oret
1359 2811 1469 2876 auimo

270 2933 534 3012 persequeretur.
590 2923 675 2988 Num
704 2931 741 2988 ut
771 2921 943 3008 iniquitute
966 2921 1129 3002 fortunae,
1162 2939 1226 3005 que
1247 2941 1328 3005 ques
1349 2919 1468 2984 merito

271 3033 476 3119 concepisset
498 3053 573 3117 spes
593 3030 702 3098 irritus
723 3029 861 3108 videret,
883 3029 1017 3119 paulum
1038 3028 1251 3094 exacerbatus
1271 3025 1382 3109 fuerit,
1403 3025 1470 3092 boc

270 3151 378 3206 tamen
408 3141 586 3207 tenendum
619 3151 685 3224 est,
716 3140 869 3206 acerbum
898 3138 995 3204 sortis
1023 3134 1284 3202 vicissitudinem
1313 3144 1369 3200 sut
1396 3156 1470 3200 sua·

272 3271 345 3316 rum
365 3271 477 3314 rerum
499 3248 761 3335 desperationem
784 3245 983 3342 praecipuaq
1002 3267 1125 3328 musas,
1156 3243 1274 3330 quibus
1304 3242 1347 3307 sd
1376 3241 1469 3306 casti·

270 3358 397 3445 gendos
429 3379 538 3422 mores
571 3356 836 3440 irridendamque
857 3353 1028 3420 stultitiam
1061 3361 1226 3437 ageretur,
1263 3372 1331 3417 non
1350 3349 1469 3431 fuisse;

270 3465 330 3532 sed
352 3465 487 3553 proprio
513 3466 653 3554 quodam
674 3465 744 3530 reri
766 3473 801 3530 et
821 3463 950 3530 honesti
971 3483 1093 3545 amore,
1116 3461 1191 3526 falsi
1213 3470 1248 3527 et
1272 3459 1376 3545 turpis
1392 3457 1469 3524 odio

269 3595 370 3660 seque
390 3575 496 3660 ipsum
519 3574 553 3640 in
576 3574 646 3638 dies
668 3573 842 3639 meliorem
860 3571 1023 3638 reddendi
1042 3569 1151 3638 studio
1181 3591 1258 3636 eum
1288 3567 1390 3633 fuisse
1422 3567 1469 3632 in-

269 3684 413 3766 citatum,
436 3694 472 3749 ut
496 3681 655 3768 ,ridendo
678 3683 806 3748 diceret
834 3685 968 3748 verum“
979 3681 1032 3766 24).
1085 3681 1199 3762 Quare
1227 3665 1342 3765 primis
1375 3674 1469 3740 suuis

268 3791 386 3861 Satiris
413 3790 593 3857 scribendis
624 3799 657 3856 et
677 3790 850 3874 Iembis²⁶l
883 3811 1036 3874 magnam
1065 3807 1198 3874 operum
1229 3784 1333 3869 dedit,
1362 3786 1468 3872 iisque

267 3910 304 3966 ut
326 3901 500 3965 multorum
523 3919 605 3984 quos
626 3899 763 3964 veritate
787 3910 820 3962 et
841 3896 983 3963 ludibrio
1005 3895 1169 3982 tetigisset
1189 3894 1402 3978 invidicm²⁸l
1435 3904 1468 3959 et

308 4061 351 4128 19)
370 4063 476 4114 Fronte
494 4057 556 4113 inst.
577 4057 674 4112 Horat.
697 4075 724 4127 p.
736 4061 778 4114 20.
930 4059 976 4128 22)
995 4055 1054 4111 Sat.
1076 4058 1096 4124 l,
1114 4059 1141 4118 4,
1162 4060 1211 4110 105
1230 4073 1289 4126 sqq.

304 4131 349 4199 20)
366 4129 424 4186 Sat.
442 4129 464 4194 1,
488 4133 530 4196 10,
540 4131 663 4184 cst-35.
930 4131 976 4198 23)
995 4127 1087 4198 Epist.
1106 4125 1142 4188 ll.
1160 4131 1185 4191 2,
1203 4129 1247 4181 44.

306 4201 352 4272 21)
370 4201 498 4256 Fuerunt
515 4204 599 4255 etium
618 4203 678 4254 tum
690 4217 759 4268 quos
770 4216 845 4255 nunc
930 4203 965 4254 24
994 4198 1052 4256 Sat.
1069 4198 1091 4262 I,
1111 4203 1134 4263 l,
1154 4203 1197 4253 24.
1231 4198 1253 4264 1,
1270 4201 1296 4264 4,
1317 4199 1465 4252 134-139.

271 4271 637 4344 bibliopolnssppellcmus3
654 4272 845 4341 inilsqueuc·
929 4275 963 4326 26
992 4270 1082 4325 lambi
1108 4276 1182 4335 sunt,
1213 4285 1282 4339 quos
1309 4270 1395 4324 metri
1424 4285 1466 4322 ra·

270 4345 413 4400 minentur
428 4343 530 4398 iratres
544 4347 618 4398 Sosii
632 4341 721 4412 Epist.
730 4343 750 4412 I,
760 4345 804 4409 20,
816 4346 840 4398 2.
891 4343 970 4398 tione
995 4341 1092 4396 habits
1114 4363 1127 4394 e
1147 4343 1209 4395 odos
1228 4339 1348 4395 solemus
1372 4338 1464 4410 appel·

271 4417 303 4470 A.
318 4415 349 4471 P.
361 4417 428 4471 345·
447 4414 497 4470 ssd
514 4413 637 4485 pretium
655 4431 702 4468 eos
724 4413 844 4484 scripto·
893 4415 959 4470 laro.
994 4411 1085 4482 Epist.
1133 4416 1184 4479 ,2,
1206 4413 1249 4466 59,

207 4533 210 4538 ,
273 4487 350 4542 ribus
376 4456 495 4551 dedisse,
523 4485 582 4540 eius
606 4484 648 4538 rei
673 4485 747 4556 upud
772 4485 843 4540 enti·
928 4487 974 4554 26)
991 4483 1047 4539 Sat.
1057 4483 1079 4554 1,
1088 4486 1114 4548 3,
1124 4485 1166 4539 25.
1185 4482 1287 4550 1,4‚28
1302 4499 1342 4552 sq.
1363 4484 1447 4550 78η,

273 4574 342 4627 quos
359 4557 508 4626 vestigium
529 4573 585 4612 nou
603 4559 654 4612 est.
