3125 5225
770 279 1019 350 OARMINUM

492 473 624 548 Virtus
649 471 852 549 recludens
879 471 1078 547 immeritis
1105 471 1203 548 mori

493 599 655 678 Ocelum
680 611 821 696 negata
845 609 966 674 tentat
990 597 1063 672 iter
1083 599 1148 673 via

538 723 757 820 Coetusque
783 720 961 818 vulgares
988 734 1028 794 et
1054 720 1171 796 udam

595 845 750 943 Spernit
775 845 936 920 humum
962 845 1136 942 fugiente
1154 847 1314 944 penna.¹

449 1077 474 1118 a
490 1043 557 1116 Est
582 1050 619 1116 et
644 1039 750 1116 fideli
774 1052 857 1115 tuta
883 1039 1033 1115 silentio

491 1167 659 1241 Merces:
686 1165 824 1240 vetabo
852 1164 919 1264 qui
946 1165 1095 1243 Cereris
1125 1190 1274 1240 sacrum

540 1287 721 1385 Vulgarit
746 1311 909 1362 arcanae
935 1286 1007 1362 sub
1031 1286 1155 1363 isdem

593 1411 650 1489 Sit
671 1411 845 1488 trabibus
865 1410 1092 1509 fragilemve
1114 1437 1265 1488 mecum

494 1609 625 1686 Solvet
649 1607 835 1708 phaselon
846 1637 858 1708 -3
885 1635 1000 1710 saepe
1025 1609 1216 1708 Diespiter

446 1764 472 1804 so
488 1731 695 1831 Neglectus
721 1733 868 1808 incesto
895 1731 1046 1807 addidit
1070 1733 1275 1832 integrum,

538 1858 638 1932 Raro
664 1854 952 1932 antecedentem
978 1855 1179 1932 scelestum

591 1982 767 2057 Deseruit
794 1981 894 2081 pede
920 1981 1050 2057 Poena
1077 1981 1226 2058 claudo.

290 2236 335 2286 ter
361 2233 445 2286 esset.
492 2229 546 2284 illa
570 2228 643 2284 enim
669 2227 767 2291 forma,
795 2245 866 2298 quae
917 2229 1003 2285 sacris
1022 2227 1141 2299 probata
1159 2230 1287 2300 exemplo
1312 2233 1364 2296 est,
1396 2248 1415 2285 a
1439 2248 1492 2301 quo

290 2319 365 2357 nunc
382 2302 563 2357 hortantum
580 2299 769 2355 loanoratii
787 2317 866 2370 repe·
916 2300 1007 2356 facilia
1025 2303 1069 2356 est
1089 2301 1230 2356 conclusio
1252 2307 1283 2356 et
1299 2302 1439 2357 transitus
1457 2301 1493 2357 ad

291 2375 374 2446 riter,
403 2372 479 2427 facta
505 2377 550 2427 eet
573 2389 608 2426 ex
633 2369 760 2426 obsoleto
780 2371 865 2426 verbo
916 2371 1116 2442 praestandam
1142 2371 1172 2426 in
1194 2371 1323 2428 omnibus
1343 2375 1432 2430 rebus
1453 2373 1494 2428 in-

292 2451 427 2500 taminare
444 2443 463 2497 i.
472 2460 496 2499 e.
516 2449 640 2513 tangere.
660 2470 694 2482 -
712 2441 865 2513 recludens]
916 2447 1079 2512 corruptam
1111 2441 1204 2498 fidem.
1259 2443 1345 2500 Sacra
1382 2445 1493 2500 Cereris

290 2516 325 2571 cf.
344 2515 448 2570 Simon.
473 2513 524 2568 fn:
557 2510 646 2570 »οὐδὲ
669 2514 785 2568 τεθνᾶσι
813 2519 867 2566 θα-
917 2513 1493 2587 summareligionecontinebsntur3quae

291 2580 398 2653 νόντες,
435 2586 498 2640 ἐπεί
522 2585 572 2658 σφ’
599 2581 679 2656 ἀρετὴ
705 2578 866 2674 καθύπερθε
917 2585 965 2657 qui
992 2585 1109 2657 vulgare
1136 2586 1260 2657 auderet,
1285 2587 1324 2642 lin
1347 2605 1402 2645 uae
1432 2590 1494 2643 erat

292 2659 458 2715 Kodatrovo'
484 2652 581 2729 ἀνάγει
606 2650 734 2728 δώματος
761 2658 791 2717 ἐξ
811 2656 865 2713 Ai-
914 2658 1113 2713 incontinentis
1133 2675 1165 2713 ac
1182 2657 1317 2714 nulliusfi
1337 2658 1419 2715 ei.-·-
1435 2664 1494 2728 fre·

291 2731 370 2785 deme
402 2758 435 2770 -
463 2728 573 2801 negato]
592 2728 750 2782 hominibus
770 2728 865 2797 quales
914 2729 1037 2801 gilemoe]
1069 2726 1154 2783 Codd.
1189 2734 1385 2801 fragilemqu03
1416 2730 1495 2800 quod

291 2819 351 2857 esse
377 2800 477 2855 solent.
535 2799 570 2853 cf.
591 2800 686 2854 Senec.
705 2797 786 2853 Herc.
810 2799 864 2854 fur.
914 2800 1080 2869 mutandum
1100 2800 1155 2853 iam
1181 2800 1323 2857 Bentleius
1351 2801 1428 2857 bene
1454 2802 1494 2855 vi·

289 2875 357 2928 439:
391 2870 469 2926 »Non
496 2876 541 2926 est
566 2870 603 2925 ad
631 2874 710 2925 astra
733 2870 826 2925 mollis
849 2886 865 2924 e
914 2870 964 2925 dit.
1001 2871 1189 2941 Opponuntur
1209 2872 1284 2927 enim
1301 2870 1378 2927 inter
1398 2891 1430 2928 se
1451 2875 1495 2927 te·

289 2943 374 2999 terris
392 2943 461 2997 via«
484 2970 517 2983 -
543 2944 623 2996 Mani
643 2943 759 3012 temam]
779 2942 865 2995 nebu·
913 2945 990 2997 ctum
1009 2948 1038 2997 et
1055 2941 1142 2996 navis.
1160 2942 1334 2998 GiaCallim.
1347 2942 1495 2999 Genll't:

292 3016 326 3069 lis
345 3017 375 3068 et
391 3012 506 3069 humido
530 3019 595 3069 aire
621 3015 736 3074 tectam,
765 3018 865 3068 contre
915 3008 1071 3085 »Δάματερ,
1098 3010 1139 3085 μὴ
1160 3016 1239 3081 τῆνος
1256 3016 1321 3088 ἐμὶν
1341 3018 1438 3088 φίλος,
1466 3012 1498 3075 ὃς

290 3103 374 3156 quem
394 3086 562 3155 cogitandus
578 3088 621 3138 est
638 3087 777 3153 perpetua
794 3100 865 3138 sere·
915 3100 959 3138 σοι
993 3082 1133 3157 ἀπεχθὴς,
1170 3091 1238 3153 Ele,
1270 3086 1338 3158 μηδ’
1372 3082 1496 3159 ὁμότοι-

291 3157 381 3211 nitate
392 3156 696 3224 nitensaother,quem
705 3154 864 3225 utdignum
911 3172 977 3229 χος·
1006 3156 1070 3229 ἐμοὶ
1087 3162 1275 3227 κακογείτονες
1300 3159 1314 3211 ἒ
1335 3162 1428 3227 &pote
1462 3188 1498 3199 -

292 3246 342 3283 suo
361 3228 484 3282 candore
501 3224 674 3283 domicilium
686 3227 797 3295 quaerit
810 3226 864 3281 vir·
916 3227 1066 3299 Diespiter]
1084 3226 1148 3282 vide
1166 3228 1202 3281 ad
1223 3228 1312 3283 (larm.
1338 3232 1405 3296 ‚34,
1419 3232 1447 3284 5.
1461 3260 1496 3269 -

290 3304 344 3353 tus.
373 3328 404 3337 -
437 3302 485 3354 Est
503 3300 539 3369 et]
560 3299 697 3366 Compara
715 3296 863 3352 Simonidis
914 3298 1062 3423 incestum&
1081 3298 1210 3371 impium3
1240 3300 1281 3355 sic
1304 3314 1398 3355 costus
1429 3302 1448 3355 i.
1470 3318 1498 3371 q.

289 3371 343 3424 hoc
374 3368 562 3440 fragmentum
589 3362 668 3423 Ἔστι
704 3372 750 3420 καὶ
785 3368 865 3439 σιγᾶς
913 3369 977 3439 pius
996 3368 1025 3423 G.
1065 3372 1134 3423 .4s.
1165 3400 1199 3409 -
1228 3373 1443 3442 antecedentem]
1464 3390 1499 3427 ac

289 3438 436 3497 ἀκίνδυνον
453 3445 536 3511 γέρας
557 3438 862 3510 (p.39SSchneidew.),
913 3444 1064 3510 propterea
1088 3458 1242 3511 securum3·
1261 3442 1394 3497 nimirum
1429 3461 1500 3513 poe-

289 3511 366 3581 quod
395 3513 554 3583 Augustum
585 3513 615 3565 in
653 3528 700 3564 ore
731 3510 863 3565 habuisse
912 3528 976 3565 nam
1011 3510 1135 3583 effugere
1168 3528 1251 3581 posse
1286 3513 1339 3567 sibi
1367 3512 1500 3571 videtur.

290 3586 389 3637 narrat
410 3583 552 3637 Plutarcla
570 3580 714 3652 Apophtla
738 3583 861 3652 Augusti
912 3582 1034 3636 Poenam
1053 3586 1146 3637 autem
1158 3583 1238 3654 quasi
1249 3581 1329 3638 deam
1340 3601 1414 3651 esse,
1431 3604 1501 3656 pro·

288 3657 304 3707 7
331 3660 360 3708 et
384 3653 530 3708 Horatium
554 3653 674 3708 voluisse
703 3654 861 3723 exprimere
910 3657 974 3723 pter
998 3653 1128 3708 claudum
1151 3653 1252 3725 pedem
1277 3656 1324 3709 vix
1347 3659 1494 3727 estquod

290 3724 461 3779 credendum
479 3731 535 3794 est;
564 3740 730 3794 quamquam
748 3724 861 3779 omnino
911 3723 1011 3780 dicam.
1042 3724 1140 3795 Eurip.
1158 3724 1257 3797 fragm.
1281 3722 1312 3794 »ἡ
1330 3730 1408 3797 Δίκη
1433 3769 1441 3783 .
1464 3770 1470 3783 .
1495 3771 1502 3785 .

289 3797 319 3850 in
336 3796 476 3851 levissima
499 3812 581 3865 saepe
601 3794 781 3850 similitudine
801 3813 863 3850 ver·
912 3802 978 3865 σῖγα
997 3800 1040 3849 ael
1058 3796 1157 3867 βραδεῖ
1175 3798 1241 3851 nodi
1252 3800 1412 3870 Στείχουσα
1452 3792 1501 3871 ἁρ-

288 3869 388 3922 borum
413 3865 584 3921 imitationes
608 3866 778 3938 investigare
805 3884 861 3921 non
913 3878 959 3936 ψει
980 3864 1041 3927 τοὺς
1063 3865 1168 3931 κακοὺς,
1189 3862 1256 3923 ὅταν
1273 3863 1364 3953 rixa«
1437 3890 1500 3926 om·

288 3938 378 4009 magis
396 3938 522 4010 iniquum
540 3943 585 3993 est
601 3956 683 4007 quam
703 3938 860 3993 molestum.
911 3938 1184 4063 §aretur-Homerica
1202 3938 1355 4009 descriptio
1368 3934 1452 4011 Ἄτης
1465 3942 1499 3999 Il.

288 4040 323 4052 ·-
345 4015 454 4065 Cereris
476 4010 593 4081 sacrum]
619 4007 702 4067 Fides
727 4009 758 4063 in
775 4010 861 4064 rebus
939 4008 985 4075 IX,
1005 4012 1038 4066 91
1058 4026 1118 4081 sqq.
1155 4010 1203 4077 IX,
1224 4012 1276 4065 502
1295 4028 1354 4083 sqq.
