3125 5225
237 1157 241 1163 ι
340 1198 427 1305 De
462 1205 582 1303 orte
618 1196 1022 1330 poetioaliber.

635 1436 733 1447 ...n-...-

478 1575 861 1655 PRAEFATIO.

171 1776 234 1852 De
249 1776 323 1852 hoc
340 1778 440 1853 libro
455 1778 618 1874 Horatii,
634 1779 701 1878 qui
717 1780 785 1857 Go
796 1776 928 1854 ethio
942 1772 1112 1867 nostrati,
1127 1794 1275 1846 summo

75 1914 211 1999 poetae
241 1902 446 2005 eidemque
471 1905 688 1981 acutissimo
724 1904 855 1979 critico
896 1898 1147 1977 difficillimus
1172 1894 1275 1969 visus

76 2038 130 2101 est
156 2030 209 2104 ad
237 2028 506 2126 explicandum
530 2030 661 2129 itaque
688 2036 940 2127 comparatus,
964 2037 1006 2099 ut
1031 2023 1150 2101 alium
1168 2020 1277 2097 aliter

77 2160 111 2223 et
136 2150 290 2228 decimo
320 2177 476 2253 quoque
502 2178 603 2227 anno
631 2152 796 2228 eundem
823 2150 935 2226 aliter
968 2146 1017 2224 de
1051 2172 1096 2222 eo
1131 2142 1276 2222 iudica·

75 2285 202 2352 turum
232 2276 451 2374 affirma-ret,
478 2290 558 2352 tam
584 2276 695 2353 multi
722 2276 847 2351 adhuc
874 2274 1106 2373 scripserunt
1120 2270 1194 2346 viri
1208 2268 1276 2345 do·
1360 2372 1368 2382 .

78 2400 133 2496 cti,
167 2414 215 2476 ut
240 2402 393 2477 Mu‘reto
414 2426 538 2501 prope
573 2403 807 2478 satisfactum
839 2401 918 2476 iam
955 2398 1141 2493 videatur,
1180 2394 1278 2469 hanc

78 2524 279 2623 epistolam
304 2528 414 2602 brevi
438 2527 665 2627 interpretes
687 2528 817 2628 plures
838 2552 968 2628 ¹quam
1002 2549 1133 2600 versus
1168 2520 1276 2595 habi·

77 2659 201 2731 turam
230 2653 321 2727 olim
344 2653 576 2729 vaticinanti.
604 2654 734 2747 Quare
758 2679 845 2729 cum
868 2677 916 2726 no
941 2651 1167 2752 praecipuas
1190 2647 1275 2747 qui·

79 2771 167 2852 dem'
192 2776 359 2852 aliorum
385 2778 586 2876 opiniones
612 2805 713 2854 nuno
738 2778 853 2854 liceat
881 2800 1116 2870 enumerare,
1153 2771 1276 2848 missis

76 2902 304 3001 ambagibus
332 2929 450 3004 quam
474 2905 570 2980 mibi
603 2906 763 2980 fecerim
789 2903 1016 2980 sententiam
1054 2899 1181 2975 statim
1214 2921 1275 2972 ex-

76 3047 263 3122 promam.
332 3029 462 3128 Atque
498 3055 581 3105 cum
619 3031 666 3104 iis
700 3027 923 3104 laciendum
954 3025 1044 3100 mihi
1078 3049 1158 3100 esse
1184 3019 1274 3115 vidi,

78 3153 217 3249 quibus
243 3179 321 3228 non
347 3154 558 3252 perfectam
584 3154 633 3229 de
661 3155 893 3229 carminibus
931 3149 1117 3226 faciendis
1154 3157 1275 3222 artem

76 3279 142 3354 sed
170 3277 374 3377 epistolam
393 3277 444 3354 ad
456 3277 614 3355 Pisones
633 3280 875 3357 conscribere
893 3275 1057 3351 voluisse
1071 3269 1276 3348 Horatium

76 3427 302 3496 persuasum
325 3414 391 3496 est,
425 3403 569 3504 inqua
603 3405 758 3504 quidem
786 3402 946 3503 epistola
981 3413 1017 3477 ot
1050 3425 1095 3474 ea
1120 3418 1275 3496 praece·

75 3539 140 3622 pta
167 3527 218 3603 de
241 3528 351 3626 poesi
378 3529 638 3628 coniungeret,
665 3555 763 3630 quae
788 3555 856 3604 sua
882 3526 1036 3626 quidem
1064 3531 1187 3599 aetate
1214 3543 1275 3594 ex·

77 3663 183 3742 porto
209 3652 283 3726 sibi
307 3651 472 3728 inanime
499 3655 714 3729 necessaria
729 3653 951 3728 viderentur
976 3671 1141 3748 suosque
1162 3647 1274 3743 cives,

78 3776 141 3870 qui
155 3788 374 3874 temporum
389 3777 504 3853 malis·
522 3779 731 3869 rationibus
753 3777 804 3854 ad
827 3775 1072 3853 falsissimam
1091 3774 1140 3850 do
1161 3773 1275 3848 rebus

75 3900 242 3997 poeticis,
258 3903 463 4002 praecipue
477 3905 636 3980 scenicis
655 3904 872 4002 opinionem
903 3901 1049 4000 delapsi
1069 3898 1196 4000 pravis
1210 3895 1274 3972 do-

76 4019 315 4121 lectarentur,
335 4053 426 4102 vera
450 4004 678 4126 fastidirent,
706 4029 755 4105 ad
781 4050 892 4104 veros
920 4053 1050 4104 sensus
1064 4024 1273 4122 pulchritu-

78 4146 174 4222 dinis
200 4148 339 4224 leniter
364 4165 522 4250 possent
542 4178 734 4228 revocare.
765 4153 847 4226 lam
865 4151 1010 4250 duplici
1026 4149 1273 4246 rationepeo·

78 4259 201 4348 catum
233 4286 308 4370 eat3
344 4276 485 4354 scilicet
510 4303 610 4378 quae
634 4277 867 4354 alienissima
891 4289 978 4352 sunt
1004 4277 1041 4350 in
1071 4273 1207 4352 eadem
1232 4301 1274 4352 re

78 4421 189 4494 saepe
212 4400 391 4494 proxima
413 4415 565 4500 praeter
590 4429 698 4501 spem
721 4403 1015 4500 coniunguntur.
1042 4401 1192 4478 Etenim
1207 4399 1273 4476 alii

78 4525 230 4602 fuerunt
265 4525 333 4624 qui
368 4526 582 4603 absolutam
619 4541 740 4604 artem
780 4529 828 4606 de
853 4527 1031 4602 universa
1055 4550 1098 4601 re
1122 4527 1273 4624 poetica

77 4664 209 4747 poetae
234 4649 380 4728 nolenti
405 4665 685 4753 extorquerent,
709 4653 777 4730 alii
804 4653 870 4753 qui
894 4651 1061 4750 vulgaris
1089 4650 1272 4750 epistolae
