3125 5225
237 206 240 210 ’
292 253 357 318 472
753 249 1027 321 sumansuh

345 438 566 514 Pervellunt
590 440 842 536 stomachum,
868 441 972 536 siser,
1001 440 1108 536 allec,
1136 440 1289 515 faecula
1313 443 1406 520 Coa

295 595 319 634 tc
343 563 415 638 His
443 563 507 640 uhi
533 563 691 639 sublatis
719 588 817 663 puer
841 563 917 640 alte
941 565 1085 640 cinctus
1112 589 1291 640 acernam
1343 568 1348 572 ’

345 690 525 786 Gausepe
546 712 742 786 purpureo
769 713 942 763 mensam
966 689 1153 786 pertersit,
1180 701 1220 764 et
1243 686 1339 765 alter

344 810 517 910 Sublegit
543 811 802 912 quodcunque
827 815 970 900 iaceret
994 811 1127 888 inutile
1153 813 1337 912 quodque

342 935 474 1010 Posset
500 947 702 1011 coenantes
730 935 946 1033 offendere,
972 949 1016 1012 ut
1039 935 1167 1012 Attica
1193 937 1302 1034 virgo

344 1059 440 1137 Oum
465 1059 581 1135 sacris
605 1061 754 1138 Cereris
780 1060 956 1156 procedit
981 1062 1111 1136 fuscus
1136 1062 1339 1162 Hydaspes

294 1211 318 1251 s
346 1181 523 1260 Caecuba
550 1181 640 1257 vina
665 1183 805 1276 ferens,
834 1183 960 1262 Alcon
983 1184 1120 1263 Chium
1148 1185 1264 1260 maris
1289 1212 1438 1284 expers.

343 1305 418 1381 Hic
443 1306 577 1381 herus:
605 1305 812 1404 Albanum,
838 1309 1051 1405 Maecenas,
1076 1308 1157 1384 sive
1176 1309 1383 1386 Falernum

343 1433 398 1508 Te
423 1432 545 1532 magis
572 1433 755 1531 appositis
782 1433 961 1510 delectat:
989 1435 1175 1511 hahemus
1200 1447 1420 1535 utrumque.

343 1555 504 1631 Divitias
529 1556 704 1632 miserssl
756 1555 833 1635 Sed
860 1557 945 1658 quis
966 1560 1215 1635 coenantibus
1244 1586 1331 1655 uua,

343 1678 531 1777 Fundani,
557 1680 716 1780 pulchre
741 1681 858 1759 fuerit
881 1681 962 1778 tibi,
989 1710 1102 1759 nosse
1125 1684 1273 1760 laboro.
1349 1780 1353 1785 ἡ

292 1837 318 1876 so
345 1804 523 1882 Summus
546 1830 619 1904 ego
646 1817 684 1881 et
708 1830 830 1905 prope
854 1832 917 1883 me
942 1806 1079 1884 Viscus
1100 1807 1291 1884 Thurinus
1313 1821 1351 1885 et
1376 1809 1487 1905 infra,

295 1957 350 2030 ser]
369 1957 441 2013 Plin.
460 1957 562 2022 XX,7:
582 1955 675 2012 ›Sissr
693 1957 867 2011 stomachum
919 1960 1042 2012 caresta
1074 1959 1145 2014 Plin.
1165 1959 1237 2025 XIV,
1256 1965 1289 2016 ὃς
1310 1961 1417 2017 »Divus
1434 1963 1490 2016 Au·

296 2029 410 2094 exeitat‚
420 2028 564 2084 festidium
574 2029 726 2099 absterget,
741 2045 775 2083 ex
787 2031 867 2086 aceto
917 2031 1017 2100 gustus
1080 2031 1172 2085 tinum
1204 2034 1338 2102 praetulit
1369 2035 1487 2090 cunctis.

294 2100 470 2171 laserpitiato
497 2103 639 2171 sumptum
654 2103 704 2153 aut
717 2117 752 2153 ex
769 2099 867 2170 pipere
917 2101 1010 2154 Antes
1026 2100 1154 2157 Caecubo
1172 2106 1235 2158 erat
1251 2105 1429 2188 generositas
1447 2123 1489 2160 ce·

293 2175 323 2227 et
341 2173 432 2227 mulso
450 2173 494 2228 vel
513 2189 547 2226 ex
566 2187 661 2243 garos
680 2200 715 2212 —
740 2173 864 2239 sumtu]
917 2168 1066 2226 laberrima
1094 2173 1123 2227 in
1147 2174 1319 2245 palustribus
1336 2177 1487 2246 populatis,

294 2242 350 2298 Sat.
364 2243 406 2307 ll,
433 2246 464 2312 4,
489 2245 533 2298 73.
587 2243 642 2297 Est
668 2242 811 2312 liquamen
837 2245 867 2296 et
917 2240 979 2295 sinu
998 2244 1159 2311 Amyclano.
1201 2246 1329 2302 munus
1356 2248 1488 2304 nobilitas

294 2313 502 2374 condimentum
527 2333 562 2369 ex
579 2314 629 2369 Coi
646 2313 704 2368 vini
722 2313 801 2368 faece
818 2330 865 2396 pa·
916 2311 1036 2368 Falerno
1047 2330 1116 2384 egro
1134 2320 1196 2371 erat
1215 2320 1246 2372 et
1265 2336 1301 2374 ex
1317 2333 1352 2372 ec
1369 2321 1490 2374 maxime

294 2389 395 2440 ratum.
424 2417 453 2425 -
484 2407 551 2456 pass·
570 2389 626 2440 alte
645 2385 759 2454 dutus]
780 2384 866 2439 altius
915 2381 1077 2439 Faustiano.
1112 2386 1159 2442 Ad
1175 2390 1289 2444 tertium
1304 2389 1428 2459 palmam
1444 2407 1489 2446 va·

294 2455 406 2510 videtur
426 2471 509 2526 quam
526 2457 658 2512 decorum
683 2459 751 2510 erat.
794 2455 867 2510 Nam
916 2454 959 2509 rie
977 2471 1093 2527 venere3
1114 2458 1489 2533 Albananrbiviciuaprse·

295 2527 319 2581 si
336 2526 408 2581 nibil
427 2527 457 2581 in
476 2528 530 2583 hoc
548 2527 610 2582 loco
628 2526 731 2581 inesset
753 2525 867 2582 ridiculi
916 2525 1009 2582 duleis
1027 2544 1062 2582 sc
1080 2545 1145 2584 rara
1157 2531 1328 2601 insustero;
1346 2532 1419 2588 item
1427 2534 1489 2587 Sur·

295 2601 344 2653 aut
361 2597 497 2667 indecori,
517 2597 585 2669 quid
603 2616 663 2654 eum
683 2616 742 2653 rem
760 2597 866 2653 diserte
916 2598 1039 2669 rentium
1064 2603 1176 2657 certant
1194 2603 1315 2658 Massica
1337 2621 1429 2676 aeque
1455 2622 1487 2659 ax

294 2671 450 2725 nominavit
467 2670 622 2725 Horatius?
649 2669 759 2725 Deinde
776 2669 867 2724 Serri·
915 2675 1011 2725 monte
1029 2671 1186 2728 Gauranos
1210 2672 1421 2745 vituperandus
1439 2676 1490 2746 igi·

294 2740 349 2795 lius
373 2741 408 2796 de
432 2740 528 2797 eadem
548 2758 579 2796 re
598 2740 710 2796 ridetur
728 2741 822 2796 ridere
840 2758 867 2796 r.
916 2747 965 2796 tur
982 2742 1150 2799 Nasidienus
1174 2762 1230 2799 non
1248 2750 1312 2801 erat
1328 2744 1396 2802 ideo
1415 2746 1488 2817 quod

294 2815 337 2867 70.
367 2844 399 2851 --
426 2812 564 2885 acernam]
589 2830 645 2867 non
664 2828 766 2883 sequor
785 2812 867 2868 Gom·
917 2812 1045 2869 Caecuba
1069 2814 1135 2869 vina
1159 2816 1316 2888 proposuit,
1343 2817 1398 2873 sed
1416 2816 1490 2887 quod

293 2887 479 2939 mentatorem
517 2884 720 2955 Gruquianum:
762 2882 867 2938 »Notat
916 2883 1000 2938 simul
1031 2885 1206 2956 gloriabatur
1238 2905 1269 2943 se
1294 2888 1349 2945 alia
1378 2905 1489 2959 quoque

294 2956 521 3020 eiusscrditiem,
539 2956 678 3026 quodpro
691 2954 867 3011 divitiisnon
916 2954 1029 3020 babere,
1057 2962 1087 3010 et
1111 2958 1187 3028 quod
1212 2958 1241 3013 in
1265 2959 1385 3014 divitum
1403 2959 1489 3015 homi·

294 3025 426 3081 babuerit
443 3044 566 3082 mensam
593 3027 711 3082 citream
737 3029 788 3080 aut
805 3041 866 3080 ver·
915 3042 985 3081 num
1011 3027 1102 3098 epulis
1129 3028 1211 3099 plura
1236 3030 1357 3086 fortusse
1387 3048 1490 3103 genera

294 3097 488 3167 miculatam‹;
522 3116 586 3153 nam
614 3097 686 3152 Pliu.
709 3096 790 3162 XVI,
812 3099 865 3152 26:
916 3098 1131 3168 praebebantur.
1160 3128 1188 3139 -
1218 3105 1314 3156 cetus·
1333 3108 1422 3157 naris
1442 3122 1488 3156 se-

297 3168 396 3233 »Aoem
416 3170 517 3239 inquit,
537 3186 654 3240 operum
674 3167 816 3238 elegantia
833 3186 867 3223 ae
916 3168 990 3251 pars]
1019 3169 1134 3225 Solebat
1165 3170 1239 3227 uiuis
1272 3172 1381 3243 graecis
1416 3190 1488 3244 aque

295 3239 451 3295 subtilitate
470 3242 543 3295 citro
562 3240 739 3295 seeundum«
769 3238 867 3309 Neque
916 3256 1024 3295 manna
1038 3241 1198 3312 admisceri3
1216 3243 1270 3297 hoo
1280 3243 1369 3313 igitur
1380 3243 1487 3307 Chium,

293 3317 511 3367 consentaneum
529 3317 573 3366 est
592 3310 707 3365 divitem
725 3310 866 3366 hominem
916 3310 993 3380 quod
1003 3312 1076 3366 inter
1084 3314 1274 3369 transmarina
1283 3313 1489 3370 nobilissimum

294 3381 325 3435 in
345 3382 478 3453 parandis
497 3382 608 3447 mensis,
626 3382 657 3436 in
676 3382 805 3452 eligenda
822 3399 866 3435 su·
915 3380 969 3436 fuit
986 3386 1101 3437 anctore
1119 3383 1220 3452 Plinio,
1247 3402 1306 3439 non
1331 3390 1397 3440 erat
1420 3386 1488 3441 mix·

294 3452 434 3535 pellectile
450 3453 866 3524 pareumautavsrumtuiss03
915 3456 990 3518 tum,
1035 3454 1094 3508 sive
1136 3456 1213 3524 quod
1252 3457 1394 3511 salubrius
1430 3458 1489 3512 for·

295 3540 379 3578 immo
402 3541 468 3579 vero
486 3541 582 3579 mensa
599 3524 865 3595 satispreticsaest.
916 3527 991 3579 tasse
1015 3524 1173 3580 habebatur
1197 3526 1243 3592 (ct
1268 3527 1340 3583 Ptin.
1358 3526 1432 3592 xlv,
1457 3529 1487 3581 ⁷:

294 3594 416 3663 Augusti
434 3598 527 3650 autem
555 3600 648 3651 aetate
678 3612 771 3649 mense
797 3612 868 3649 ncn-
915 3595 996 3651 Nunc
1013 3597 1106 3666 gratia
1124 3600 1192 3651 ante
1216 3599 1377 3654 omnis'est
1395 3599 1488 3654 Clazo-

295 3664 362 3719 dum
384 3668 417 3719 ut
438 3672 537 3736 postea
560 3667 726 3721 mantelibus
753 3666 867 3737 tegeba-
916 3666 1018 3731 menie,
1037 3672 1187 3736 postquam
1205 3676 1314 3737 passim
1333 3670 1406 3725 mari
1424 3686 1488 3726 eon·

295 3740 352 3803 tur,
380 3753 465 3804 quare
488 3744 637 3807 autequam
657 3754 758 3792 novum
776 3736 866 3791 fercu-
916 3736 1023 3791 diunt«
1043 3738 1073 3791 et
1090 3737 1175 3793 ibid:
1194 3740 1268 3795 »Nec
1280 3741 1435 3811 Ephesium
1446 3758 1487 3796 sa·

294 3807 353 3861 lum
372 3814 525 3877 poneretur
542 3825 663 3879 gausape
673 3808 799 3877 abstergi
816 3808 866 3862 de-
916 3808 997 3864 lubre
1015 3824 1084 3876 esse,
1103 3810 1234 3878 quoniam
1254 3812 1326 3867 mari
1333 3819 1365 3867 et
1375 3812 1487 3868 defruto

294 3880 365 3933 buit.
385 3878 447 3933 leid.
468 3880 545 3951 Orig.
564 3876 637 3944 xlx,
657 3882 700 3944 26,
719 3882 751 3934 62
773 3878 867 3933 »llan-
915 3879 1099 3950 condiatur«)
1125 3880 1183 3937 sive
1200 3898 1237 3937 ne
1254 3883 1331 3938 sitim
1349 3883 1488 3939 excitaret

293 3949 363 4005 tolia
390 3967 464 4005 nuno
490 3968 543 4022 pro
571 3950 728 4021 operiendis
762 3950 866 4012 mensis
914 3966 987 4006 nere
1020 3950 1068 4076 qui
1096 3952 1199 4007 aeriter
1236 3954 1367 4010 biberent
1396 3955 1487 4010 miuus

294 4026 369 4085 sunt,
389 4040 468 4091 quae,
487 4028 520 4077 ut
537 4038 639 4077 nomen
649 4022 741 4092 ipsum
751 4020 866 4088 indicat,
915 4026 993 4077 recte
1045 4039 1062 4077 e
1091 4024 1238 4095 exquisitis
1266 4025 1339 4081 cibis
1371 4029 1487 4097 possent

294 4092 362 4148 clim
389 4093 532 4165 tergendis
550 4092 678 4149 manibus
696 4093 868 4162 praebebsn·
916 4092 1042 4149 iudicare
1060 4094 1107 4161 (ci.
1127 4113 1152 4152 v.
1165 4098 1201 4152 to
1214 4099 1286 4166 sqq.)
1308 4126 1344 4138 -
1374 4100 1487 4152 staua

295 4167 365 4218 turs
397 4193 432 4205 —
460 4164 584 4246 subtegit]
608 4160 765 4232 &arleium
792 4162 868 4219 unde
916 4165 1044 4237 auersa]
1079 4166 1189 4222 Horatii
1218 4172 1284 4221 sunt
1312 4167 1487 4223 Fundanium

295 4251 397 4291 nomen
414 4236 456 4291 his
477 4253 564 4291 servu
583 4237 782 4292 analectorum.
917 4235 1161 4307 interrumpentis3
1193 4238 1228 4293 ds
1251 4254 1307 4309 qua
1330 4255 1363 4294 re
1387 4256 1426 4294 ne
1441 4238 1487 4293 cni

330 4304 363 4361 V.
387 4310 428 4363 13.
467 4312 558 4361 Attica
584 4308 672 4380 sirpe]
696 4325 764 4375 κανη
790 4300 866 4377 ὅρος
917 4305 1058 4363 dubitatio
1091 4308 1244 4379 exortatur,
1275 4310 1415 4381 partioult
1441 4311 1487 4365 ud

295 4377 492 4444 cl.8at.1,3,
513 4380 553 4433 10.
574 4408 607 4419 -
636 4326 789 4450 Hydaspeil
805 4378 866 4434 Ser·
902 4380 984 4433 ’satis
1011 4377 1123 4434 videtur
1153 4384 1267 4436 cantum
1294 4398 1363 4437 esse.
1411 4380 1486 4436 Male

295 4465 347 4503 vus
364 4448 459 4515 Indus,
487 4466 556 4521 quoa
581 4449 610 4505 in
634 4447 739 4503 familia
762 4449 866 4505 habere
917 4450 1007 4521 igitur
1029 4450 1079 4505 alii
1102 4468 1137 4505 aa
1159 4453 1247 4508 verbe
1261 4451 1412 4508 Nasidium
1435 4452 1487 4506 tri·

293 4518 407 4575 luxuria
426 4524 456 4576 et
472 4537 533 4575 mos
551 4520 644 4577 iussit.
662 4518 771 4575 Nomen
791 4537 864 4576 sum·
914 4521 1047 4577 buerunt
1071 4521 1192 4578 Miserae
1202 4526 1270 4578 aunt
1278 4522 1402 4592 divitia,
1411 4522 1487 4593 quod

294 4592 376 4659 ptum
394 4594 439 4646 est
456 4608 492 4646 ex
504 4592 597 4662 patric
608 4590 722 4647 flumine
734 4592 817 4649 servi
831 4622 863 4633 -
914 4591 1050 4647 miseram
1070 4592 1193 4650 reddum
1217 4593 1356 4651 bominem
1377 4595 1407 4650 in
1424 4598 1487 4649 tam
