3125 5225
376 223 381 233 '
462 235 845 309 nm.n.1t1>1ss.11.
1190 236 1252 303 su

71 456 94 495 a
115 424 183 502 Ille
207 398 359 502 Bioneis
389 425 627 503 sermonibus
655 439 693 502 et
717 425 797 501 sale
822 426 952 524 nigro.¹

112 550 200 625 Tres
225 549 318 624 mibi
344 549 529 625 convivae
554 575 676 649 prope
704 549 902 625 dissentire
931 547 1120 643 videntur,

112 674 307 749 Poscentee
333 675 439 749 vario
468 666 632 747 multum
658 672 812 749 diversa
835 672 976 772 palato.

113 797 211 889 Quid
226 798 343 874 dem?
359 797 452 897 quid
466 823 545 874 non
563 796 680 874 dem?
699 798 827 873 renuis
845 810 886 870 tu
901 798 1007 897 quod
1019 797 1126 872 iubet
1138 795 1252 889 alter3

113 920 221 1012 Quod
247 924 356 1020 petis,
382 916 423 997 id
448 948 540 998 sane
564 935 622 997 est
645 921 813 997 invisum
839 921 1069 1020 acidumque
1092 919 1253 996 duobus.

70 1076 92 1115 n
111 1045 261 1122 Praeter
287 1060 424 1144 cetera,
451 1072 514 1122 me
538 1048 734 1121 Romaene
759 1058 940 1145 poemata
967 1071 1096 1121 censes

112 1168 283 1247 Scribere
305 1176 419 1270 posse
444 1173 545 1248 inter
568 1183 625 1247 tot
649 1198 757 1247 curas
784 1185 917 1271 totque
942 1171 1121 1248 labores?

112 1294 184 1369 Hic
207 1321 391 1394 sponsum
417 1311 541 1389 vocat,
570 1296 633 1371 hie
658 1294 833 1371 auditum
860 1296 1002 1394 scripta
1027 1295 1169 1373 relictis

113 1420 296 1496 Omnibus
322 1421 477 1517 officiis,
505 1420 620 1496 cubat
644 1421 708 1497 hie
733 1423 774 1497 in
802 1420 899 1496 colle
926 1421 1089 1517 Quirini,

112 1543 181 1619 Hic
206 1558 376 1620 extremo
402 1546 442 1620 in
469 1546 672 1641 Aventino,
701 1543 881 1620 visendus
911 1557 1091 1647 uterque:

71 1704 91 1742 a
114 1669 317 1745 Intervalla
343 1669 451 1746 vides
478 1671 645 1747 humane
672 1670 887 1746 commoda.
937 1670 1081 1746 Verum

113 1794 232 1868 Purae
256 1776 347 1867 sunt
371 1793 531 1892 plateae,
558 1794 655 1871 nihil
681 1808 723 1869 ut
748 1794 1020 1871 meditantibus
1049 1793 1208 1869 obstet.¹

110 1917 278 1993 Festinat
304 1915 450 1993 calidus
476 1918 590 1993 mulis
616 1917 839 2017 gerulisque
863 1916 1094 2014 redemptor,

112 2040 281 2139 Torquet
305 2066 407 2115 nunc
431 2038 601 2139 lapidem
627 2066 729 2115 nune
746 2040 882 2139 ingens
899 2040 1077 2117 machina
1095 2043 1255 2141 tignum,

112 2164 250 2239 Tristia
273 2163 440 2237 robustis
463 2162 654 2239 luctantur
680 2164 819 2239 funera
843 2162 1034 2261 plaustris,

72 2314 92 2353 n
113 2288 194 2362 Hac
215 2288 372 2362 rabiosa
397 2288 498 2385 fugit
524 2288 639 2383 canis,
666 2286 737 2362 hac
763 2286 952 2363 lutulenta
966 2289 1053 2363 ruit
1074 2316 1157 2365 sus:

75 2532 99 2540 -
118 2509 178 2572 quid
197 2505 306 2573 sarion
322 2500 374 2569 sis]
394 2517 430 2554 sc.
444 2504 477 2553 ut
496 2501 532 2555 ab
550 2518 636 2556 anno·
684 2502 714 2555 in
737 2502 958 2570 advocationem,
987 2502 1034 2557 ille
1058 2503 1086 2556 in
1114 2504 1260 2557 consilium

72 2589 125 2628 rum
150 2572 310 2644 rapseitate
336 2588 381 2627 me
406 2570 562 2628 delendam.
602 2600 635 2614 -·
684 2574 821 2643 rogarit«
844 2602 876 2612 -
895 2573 1032 2645 spensam]
1054 2575 1111 2630 Sat.
1123 2574 1158 2640 11,
1173 2578 1198 2644 6,
1218 2578 1260 2631 99.

74 2651 194 2714 rumine]
212 2644 307 2714 lyrico
325 2642 361 2697 el.
380 2661 404 2698 v.
415 2646 458 2698 91.
479 2671 512 2683 -
536 2647 635 2698 lambis
684 2644 774 2714 Epist
795 2645 816 2708 Ῑ,
838 2647 940 2710 11143.
963 2649 1128 2700 -auds'tum
1146 2651 1249 2717 scriptu

75 2713 155 2786 Epist,
171 2718 194 2784 1,
214 2718 260 2779 19,
278 2718 368 2769 aa-
383 2715 504 2784 Bioneis]
527 2714 636 2769 »lividis
685 2715 776 2787 Epist.
796 2717 818 2782 1,
839 2718 880 2781 19,
899 2718 942 2772 39.
960 2715 1150 2775 infia105.-,-
1170 2720 1249 2773 rutae

73 2786 162 2842 iocisi.
180 2807 204 2844 e.
223 2787 321 2843 satira.
340 2785 414 2840 Sunt
430 2791 524 2841 antem
542 2786 636 2856 dispu-
686 2788 751 2842 vide
770 2787 808 2843 ad
826 2787 884 2841 ilat.
904 2787 932 2852 I,
950 2789 975 2854 9,
1000 2789 1040 2842 18.
1072 2819 1104 2828 -
1136 2793 1248 2843 tumens

73 2859 178 2915 tationes
206 2859 306 2913 Bionis
334 2856 507 2927 philosophi,
537 2858 638 2927 quibua
686 2875 750 2912 eum
763 2859 883 2929 qaedam
892 2862 1022 2928 εἰρωνείᾳ,
1041 2862 1074 2912 ut
1092 2874 1143 2913 nos
1156 2861 1262 2923 lebret,

73 2931 212 2986 stultitiam
239 2929 338 3000 arguit
363 2929 449 2998 vulgi,
474 2929 520 2983 cui
550 2945 638 2999 paene
688 2930 788 2985 Graeci
808 2931 941 2990 ἐπιεικῶς.
960 2929 1067 2984 Eodem
1084 2929 1261 3000 animoquae

73 3004 245 3057 musantiunt
265 3000 389 3054 earmina
405 2999 559 3054 Luciliana.
585 2999 638 3054 Hie
686 3002 874 3071 insequuntur
891 3001 951 3072 ipse
972 2999 1150 3055 sibi¹obiieit
1195 3001 1264 3056 Mei·

73 3079 152 3127 sutem
176 3073 260 3139 Bion,
289 3071 338 3140 qui
365 3070 505 3140 sophistes
534 3087 638 3195 copro-
688 3071 788 3127 nskius
807 3071 984 3142 corruptelae
1003 3073 1279 3142 signumappcsuit.,

74 3143 183 3198 minatus
207 3148 261 3206 eat,
290 3143 320 3195 in
344 3141 418 3196 libro
447 3158 530 3211 quem
549 3159 565 3196 e
585 3143 639 3196 idit
691 3174 723 3184 ω
742 3143 840 3215 pasus]
860 3161 962 3198 vacuae
981 3142 1140 3197 obstaculis.
1158 3141 1264 3197 Forum

73 3214 281 3270 mordacissimis
300 3213 405 3274 salibus
423 3229 457 3266 ea
475 3230 545 3281 quas
564 3213 639 3338 effi
688 3217 763 3269 enim
783 3214 948 3278 Romanum,
968 3215 1102 3283 templum
1119 3213 1194 3270 Iovis
1212 3213 1266 3269 Fe·

73 3291 160 3352 poetas
178 3290 249 3340 sunt
267 3284 308 3337 ita
325 3283 469 3347 laceravit,
488 3287 521 3337 nt
537 3301 573 3339 ne
610 3301 640 3339 o·
688 3287 779 3350 retrii
810 3283 957 3352 Palatium,
991 3283 1175 3354 Capitolium,
1204 3285 1265 3340 loca

73 3372 140 3412 merc
157 3356 274 3428 quidem
294 3359 450 3424 parceret«
472 3357 555 3408 Acro.
575 3355 640 3410 Flo·
689 3357 763 3412 inter
799 3357 850 3410 hos
882 3361 996 3410 montes
1023 3354 1208 3425 (Quirinalem
1236 3361 1266 3410 et

73 3427 122 3481 mit
145 3434 242 3484 autem
260 3426 331 3480 Bion
348 3425 568 3495 Borysthenites,
598 3427 638 3482 di·
689 3428 873 3496 Aventinum)
894 3427 987 3481 media
1004 3425 1264 3496 erantlrequentis·

74 3499 189 3568 scipulos
206 3497 398 3566 Theophrasti
419 3497 466 3563 (ei.
488 3497 543 3551 Cic.
556 3498 639 3552 Tusa.
690 3501 766 3553 sima.
813 3497 943 3552 Ceterum
967 3513 1019 3569 pro
1036 3517 1127 3553 earam
1150 3499 1179 3551 in
1199 3499 1266 3554 duo-

73 3567 115 3631 111,
131 3574 174 3638 19,
193 3574 244 3638 99)
262 3567 370 3638 Olymp.
383 3571 443 3636 120,
462 3568 638 3637 Cyrenaicae,
688 3573 742 3625 bus
760 3569 841 3625 codd.
856 3569 970 3638 Craqnii
988 3573 1032 3623 est
1051 3588 1148 3640 reram,
1164 3575 1194 3624 st
1213 3587 1266 3642 pro
1349 3565 1351 3569 ’

73 3645 163 3707 postea
180 3641 304 3712 Cynicae
320 3642 414 3694 seotee
431 3639 569 3696 addictos.
605 3669 638 3680 -
690 3663 777 3713 puras
804 3657 877 3694 unus
907 3645 1017 3695 tantum
1049 3639 1136 3694 babet
1160 3645 1267 3712 pheres,

74 3716 124 3766 sote
141 3712 233 3786 ntpro]
253 3711 311 3766 Sat.
331 3711 353 3775 1,
372 3713 414 3779 10,
433 3714 458 3764 9.
496 3709 532 3774 11,
551 3713 577 3778 4,
596 3714 639 3765 74.
690 3715 837 3782 praetcrea
848 3711 986 3780 Crnquius
1005 3729 1040 3765 ex
1059 3710 1168 3769 duobus
1185 3713 1267 3769 codd.

76 3811 101 3821 -
128 3789 240 3838 maleam
259 3783 379 3851 disens]
397 3781 525 3836 vidend
549 3782 639 3838 Carm
690 3785 747 3838 suis
767 3787 835 3838 obsit
853 3787 906 3852 pro
925 3786 1008 3838 obstet
1027 3785 1170 3854 praetulit.
1198 3785 1266 3839 Par·

74 3851 92 3921 l,
107 3858 148 3919 15,
166 3859 191 3910 b.
689 3855 777 3909 tieuln
794 3857 888 3908 autem
907 3873 997 3908 susm
1015 3871 1112 3909 carere
1129 3872 1186 3910 non
1203 3873 1267 3924 pos·

104 3925 189 3981 uos.
212 3923 357 3994 timesne]
375 3922 512 3979 Nonnulli
529 3923 640 3978 codices
692 3943 795 3993 sumus,
816 3924 1027 3994 quiaHoratius
1045 3927 1114 3980 haec
1133 3927 1266 3996 sibiipsa

76 4002 101 4049 et
121 4002 250 4052 vetustse
279 3993 418 4056 editiones
445 3996 516 4049 male
543 4000 641 4049 Romae
690 3997 836 4068 εἰρωνικῶς
861 3997 966 4051 obiicit.
1001 4027 1032 4036 -
1065 3997 1265 4066 meditantibus]

76 4084 150 4123 asse.
180 4067 238 4124 Sed
255 4071 355 4120 Remos
373 4083 434 4120 voe.
455 4081 567 4121 omnem
585 4064 640 4120 sibi
691 4070 782 4123 Carm.
800 4067 856 4133 Ill,
875 4071 919 4130 25,
939 4070 964 4122 5.
1003 4067 1060 4121 Set
1079 4065 1106 4130 I,
1125 4068 1155 4130 9,
1174 4071 1199 4121 9.
1231 4097 1266 4108 -

75 4138 190 4195 meiat
209 4139 277 4193 vim.
311 4135 348 4191 01.
365 4136 422 4191 Sat.
442 4138 477 4203 ll,
496 4140 523 4204 6,
543 4141 586 4191 33.
604 4139 641 4192 60
691 4139 853 4209 redemptor]
873 4139 935 4193 vide
953 4139 988 4194 ad
1009 4138 1097 4192 Germ.
1116 4137 1164 4201 Ill,
1187 4141 1267 4206 1,3t.

77 4225 128 4278 sqq.
148 4211 169 4274 1,
191 4214 233 4274 14,
252 4211 270 4263 8
286 4223 327 4276 sq.
351 4212 393 4262 17.
413 4239 443 4249 -
469 4209 586 4278 latores]
605 4206 641 4262 ef.
691 4210 752 4279 Quo
770 4209 887 4264 calidior
905 4213 950 4264 est
969 4209 1137 4278 redemptor,
1158 4225 1192 4263 eo
1209 4215 1265 4264 ma·

77 4279 139 4334 Ptin.
156 4282 248 4352 Epist.
258 4280 280 4344 1,
297 4281 328 4333 9:
360 4279 404 4334 »Si
422 4295 502 4348 quem
522 4279 642 4334 interro·
692 4283 735 4354 gis
753 4280 908 4336 cavendum
925 4286 968 4335 est
985 4298 1021 4335 ne
1037 4297 1054 4334 a
1071 4279 1152 4333 mulis
1172 4286 1202 4334 et
1218 4299 1263 4351 ge·

77 4367 132 4420 ges:
150 4354 234 4409 bodie
251 4347 322 4422 quid
334 4351 438 4420 egisti?
456 4351 641 4420 respondeat:
691 4352 761 4408 ralis
789 4369 857 4422 quos
888 4369 981 4406 seeum
1001 4351 1086 4406 habet
1105 4348 1265 4406 offendaris.

81 4423 186 4479 »Cilicio
202 4429 289 4494 togae
303 4421 392 4476 virilis
409 4421 539 4476 interlui:
560 4439 642 4493 spon·
693 4455 727 4464 -—
736 4426 847 4492 sanes-a]
860 4422 895 4478 cl.
907 4423 965 4478 ssa.
977 4421 999 4489 I,
1009 4425 1034 4486 6,
1045 4423 1090 4476 43.
1105 4451 1135 4460 -
1155 4429 1166 4475 i
1185 4425 1265 4492 nane]

77 4495 140 4549 salia
161 4501 212 4551 aut
232 4493 346 4564 nuptias
372 4494 565 4563 frequentem
593 4493 642 4549 ille
692 4495 784 4566 Epist.
802 4495 830 4560 1,
847 4497 879 4558 6,
902 4497 942 4549 17.
971 4523 1005 4532 -
1033 4492 1158 4561 canoros]
1180 4493 1213 4548 A.
1235 4494 1266 4549 P.

78 4580 117 4620 me
132 4567 167 4621 sd
187 4564 353 4638 signandum
369 4568 578 4629 testamentum,
595 4564 642 4621 ille
692 4569 752 4622 999.
809 4566 924 4621 Certant
954 4581 1051 4620 versus
1078 4565 1174 4618 canori
1203 4583 1266 4621 cum

114 4679 206 4721 Horatius
218 4681 250 4722 sd.
262 4680 405 4731 Dillauburrar
417 4681 448 4723 ed
461 4681 488 4722 ll.
