3125 5225
280 240 342 307 216
750 240 1002 313 cantillam!

486 464 489 471 ⁴
528 428 568 505 Si
594 428 705 505 thure
730 428 893 527 placaris
920 442 958 508 et
978 430 1102 507 borna

574 554 702 654 Fruge
726 554 844 631 Lares
869 554 1059 656 avidaque
1083 581 1212 655 porca,

450 704 560 782 sNec
584 705 825 805 pestilentem
851 708 993 784 sentiet
1015 706 1194 783 Africum

479 830 661 908 Fecunda
686 830 772 907 vitis
798 858 869 907 nec
894 832 1061 909 sterilem
1088 858 1197 932 seges

527 953 758 1053 Robiginem
784 968 852 1030 aut
877 954 1007 1032 dulces
1033 955 1179 1032 alumni

575 1078 772 1155 Pomifero
799 1104 918 1178 grave
942 1094 1094 1180 tempus
1120 1107 1233 1157 anno.

478 1228 576 1303 Nam
602 1254 701 1328 quae
720 1228 848 1340 ¹nivali
874 1231 1043 1331 pascitur
1069 1227 1215 1331 Algido

438 1387 463 1427 10
483 1354 631 1429 Devota
658 1380 819 1453 quercus
845 1354 946 1430 inter
971 1367 1009 1431 et
1033 1354 1139 1431 ilices

441 1496 449 1521 ⁸
531 1474 610 1563 Aut
636 1478 768 1554 crescit
794 1478 955 1557 Albanis
980 1478 1022 1554 in
1047 1479 1176 1554 herbis

579 1604 754 1701 Victima,
787 1604 1012 1703 pontificum
1037 1630 1187 1681 secures

400 1794 403 1803 ·
482 1756 643 1834 Cervice
669 1754 810 1854 tinget:
836 1766 874 1830 tc
899 1753 995 1830 nihil
1021 1756 1157 1831 attinet

481 1880 646 1956 Tentare
670 1878 792 1955 multa
818 1878 935 1955 caede
958 1877 1171 1955 bidentium

282 2073 349 2146 dalla
366 2098 383 2135 a
400 2079 552 2153 φείδεσθαι
579 2104 612 2119 ·-
643 2092 735 2147 neque
760 2077 856 2133 villica
907 2092 1014 2146 qnam«
1034 2074 1100 2132 infr.
1118 2076 1166 2145 lv,
1185 2082 1211 2141 7,
1230 2080 1273 2133 20.
1300 2078 1420 2131 naara
1438 2094 1487 2131 aa·

286 2156 330 2206 est
358 2150 470 2207 Horatii
498 2167 588 2221 neque
615 2152 694 2205 corta
719 2148 857 2221 quaedam
906 2152 981 2213 tam,
1008 2153 1043 2202 ut
1059 2149 1135 2219 apud
1153 2148 1319 2205 Ovidllet
1339 2147 1401 2213 Vll,
1423 2150 1486 2203 251.

282 2222 390 2277 rustica
405 2222 514 2278 mulier.
534 2222 567 2275 ln
583 2222 722 2277 communi
733 2220 857 2277 omniurn
908 2219 970 2285 XII,
989 2222 1042 2275 150
1058 2224 1103 2275 est
1120 2220 1276 2291 propitium
1291 2221 1411 2289 aliquem
1424 2220 1488 2274 red·

283 2310 378 2348 rerum
404 2292 612 2363 magnificentia
641 2310 677 2349 ue
709 2293 739 2349 in
768 2292 857 2349 sacris
908 2292 984 2357 dere,
1016 2292 1139 2361 gratiam
1165 2292 1283 2347 adonius
1312 2294 1423 2361 petere.
1453 2320 1488 2333 —

284 2364 398 2435 quidem
422 2364 537 2434 antiqua
563 2363 727 2434 simplicitas
753 2365 857 2420 retine·
908 2364 1006 2431 brae]
1041 2363 1126 2433 spicis
1159 2364 1327 2419 hornotinis.
1379 2362 1489 2417 Forma

282 2436 382 2505 bstur3
413 2453 499 2506 quare
525 2453 588 2491 oum
614 2436 713 2491 rustici
730 2434 858 2491 homines
908 2438 1007 2491 torm
1035 2438 1183 2504 poetarum
1207 2439 1261 2489 est.
1288 2464 1322 2475 -
1351 2436 1488 2505 afflasse

283 2524 348 2562 cum
374 2508 405 2561 in
429 2506 558 2561 omnibus
579 2508 664 2561 rebus
688 2514 748 2561 tum
766 2508 797 2561 in
814 2523 857 2561 sa·
908 2505 1003 2577 porca]
1021 2504 1057 2560 of.
1077 2504 1136 2562 ost
1149 2505 1186 2571 11,
1195 2509 1222 2572 8,
1239 2508 1298 2562 loo.
1325 2534 1360 2545 -
1384 2508 1489 2575 retias·-

284 2577 339 2636 oris
356 2578 550 2650 integritatem
560 2594 679 2644 morum,
698 2577 783 2648 utfit,
799 2594 858 2633 ser·
909 2576 977 2646 m]
1004 2576 1060 2632 Gur
1087 2594 1121 2633 es
1148 2578 1188 2634 sit
1215 2576 1323 2632 stes-ilis
1347 2575 1428 2632 disce
1454 2594 1491 2632 ex

223 2671 234 2692 ·
284 2655 392 2712 serent,
421 2668 476 2706 non
503 2651 596 2720 potuit
621 2651 706 2705 credo
722 2649 858 2706 Horatios
908 2648 1284 2720 virg.eeorg.1,1oo.-
1307 2647 1428 2718 almi]
1448 2648 1491 2702 vi-

285 2721 415 2790 cuiquam
432 2721 537 2777 rectius
556 2721 624 2776 dare
651 2737 729 2776 susm
754 2720 859 2776 doctri·
908 2721 969 2784 tull
990 2719 1405 2792 medi,sgni.ef.111‚1e‚4.
1436 2719 1487 2773 llis

284 2809 348 2848 nam
367 2809 450 2863 quam
473 2793 595 2848 rusticae
615 2793 735 2856 reuberi,
755 2793 859 2862 quippo
908 2791 1000 2846 tribus
1016 2792 1107 2846 utitor
1119 2792 1269 2864 exemplis:
1288 2792 1381 2855 thore,
1392 2791 1490 2861 hugo,

285 2881 356 2934 quae
381 2865 490 2935 magnis
517 2865 636 2920 divitum
656 2864 799 2918 bominum
818 2864 859 2918 vi·
909 2877 1012 2932 porca3
1031 2863 1099 2918 dein
1110 2865 1187 2931 vitis,
1205 2879 1295 2934 seges,
1312 2878 1433 2933 paoem
1453 2880 1489 2917 ex

287 2935 380 2991 otimis
411 2936 571 3006 conspectis
607 2952 659 3006 pro
688 2951 738 2989 sna
773 2935 859 2988 animi
910 2935 1111 2990 consuetudine
1130 2935 1247 2990 Horatii.
1267 2961 1300 2974 -·
1319 2952 1401 3004 orm
1421 2947 1490 2988 sm

286 3006 467 3076 simplicitate
494 3007 523 3062 iu
550 3023 612 3062 eam
631 3006 799 3063 senteutiam
817 3007 859 3060 in·
908 3006 970 3077 ραι]
989 3011 1163 3060 auctumnns.
1190 3007 1246 3062 Sat
1265 3005 1300 3070 11,
1318 3009 1345 3069 6,
1367 3006 1412 3060 19.
1444 3006 1489 3059 lu·

287 3078 381 3133 cidere
398 3077 501 3147 potuit,
528 3079 606 3148 quasi
626 3078 665 3134 dii
684 3077 806 3148 gratiam
824 3093 860 3132 ex
909 3093 971 3144 yon.
992 3075 1038 3141 IV,
1057 3080 1104 3132 dd:
1133 3077 1209 3131 »lam
1233 3075 1347 3132 letifero
1364 3075 1489 3131 cedente

285 3148 479 3220 magnitudino
513 3147 668 3204 hostiarum
696 3148 793 3203 metui
825 3165 860 3203 so
909 3149 1018 3218 pruinis
1027 3149 1212 3204 Aoetnmno.«
1227 3179 1260 3190 -
1276 3147 1375 3218 nivali]
1393 3147 1491 3203 Carus.

285 3220 456 3276 distribuere
481 3221 612 3276 solerent.
657 3219 786 3276 Villicaus
803 3218 860 3274 Ho-
910 3221 933 3282 Ι,
952 3223 996 3287 21,
1013 3223 1039 3274 6.
1067 3251 1099 3260 -
1121 3221 1230 3292 moola]
1249 3218 1390 3274 Animalia
1410 3220 1492 3273 enim

287 3292 352 3346 retii
379 3292 451 3348 bauo
475 3309 533 3347 non
559 3309 630 3358 esse,
658 3293 702 3347 vel
721 3307 793 3344 unns
811 3291 859 3345 de·
911 3291 1007 3346 statim
1031 3296 1098 3360 post
1122 3295 1236 3362 partum
1262 3290 1493 3361 designabantur

284 3365 423 3417 monstrat
443 3363 557 3417 Catonis
586 3364 622 3417 do
646 3363 688 3418 Re
705 3361 787 3417 Rust.
809 3365 861 3417 143
911 3363 966 3417 alia
992 3362 1030 3416 ad
1055 3379 1157 3434 greges
1187 3368 1217 3418 et
1242 3363 1356 3417 labores
1373 3361 1433 3416 alia
1450 3362 1492 3417 ad

286 3435 381 3489 locus:
412 3435 529 3489 »villica
547 3451 606 3489 rem
625 3434 747 3488 divinam
765 3449 802 3488 nc
819 3434 859 3488 la·
911 3451 982 3488 aras.
1016 3433 1062 3489 Sic
1074 3435 1150 3505 Virg.
1161 3433 1264 3505 Geor-g.
1274 3433 1324 3499 111,
1333 3435 1491 3488 lot-165.

287 3505 344 3560 cist
372 3505 482 3560 iniussu
507 3505 613 3560 domini
643 3509 693 3559 sut
721 3504 859 3560 dominae.
911 3505 944 3559 ln
967 3505 1071 3576 Algido
1099 3511 1196 3560 monte
1221 3505 1379 3576 quercubus
1406 3509 1492 3560 tecto

286 3577 362 3632 Scito
381 3576 524 3632 dominum
540 3595 592 3647 pro
612 3581 674 3632 tots
684 3575 860 3632 familiarem
911 3575 1001 3648 porci,
1031 3577 1061 3631 in
1084 3577 1215 3634 herbosis
1232 3575 1349 3631 Albanis
1370 3579 1493 3644 paonis

287 3648 418 3730 divinam¹
436 3647 555 3704 lacera«
594 3648 636 3704 De
654 3665 727 3732 anno
746 3665 802 3717 quo
820 3648 861 3731 sio
911 3649 997 3704 boves
1024 3649 1097 3703 sacri
1126 3649 1202 3718 pasti
1228 3665 1262 3703 ae
1290 3647 1413 3717 saginffl
1449 3649 1494 3703 vi-

286 3724 861 3846 iloeiispiibleleplicleat.necomaclium&
911 3720 1033 3845 delinit
1070 3792 1188 3863 tutare]
1211 3791 1357 3855 lacessere,
1381 3788 1495 3845 sollici·

323 3862 354 3916 V.
374 3866 397 3915 1.
436 3867 518 3917 Coelo
536 3862 658 3989 replaced
678 3861 781 3916 Similis
800 3861 860 3917 vir·
910 3863 980 3915 tare.
999 3891 1032 3900 —
1053 3883 1155 3933 parvos
1172 3861 1246 3932 daos]
1268 3860 1382 3914 Larium
1399 3859 1493 3914 simn-

288 3933 348 4006 gilii
360 3933 438 3989 locus
457 3935 525 3988 Aen.
536 3932 586 4002 111,
606 3936 638 3988 17
659 3965 714 3988 .-
734 3945 860 3988 noscente
911 3933 988 3987 lacre
1004 3934 1047 3988 vel
1067 3951 1153 3989 aenea
1172 3933 1217 3989 vel
1230 3933 1326 4002 lignea
1334 3930 1495 3986 admodum

288 4005 364 4076 tom]
393 4005 505 4060 »Solent
527 4005 648 4061 rusticae
674 4005 806 4061 mulieres
830 4004 861 4058 in
911 4021 1000 4075 parva
1018 4021 1079 4059 esse
1099 4006 1242 4073 solebant3
1261 4019 1333 4073 quse
1349 4007 1494 4071 mquam

286 4077 368 4132 initio
391 4076 498 4146 primae
521 4077 604 4131 lonae
630 4077 667 4132 ad
689 4077 799 4133 coelom
821 4076 861 4130 ei·
910 4077 1058 4147 epulatura
1074 4077 1157 4132 sertis
1173 4077 1274 4130 llos-om
1300 4080 1330 4129 et
1349 4073 1494 4128 fusticnm

287 4148 404 4204 fundere
430 4164 552 4217 preces«
589 4149 678 4206 Acro.
725 4147 862 4217 Religiosi
910 4149 1135 4204 beneolentiam
1156 4146 1385 4202 redimiabantur.
1403 4145 1496 4213 Quod

288 4220 412 4276 homines
440 4220 544 4274 mensis
568 4221 704 4290 cuiusque
727 4218 862 4274 Kalendis
911 4237 975 4276 cnm
991 4220 1038 4289 pia
1055 4218 1173 4288 Phidyle
1199 4235 1256 4272 non
1277 4215 1412 4288 negligat,
1445 4237 1496 4270 co·

288 4291 493 4346 sacrificabant.
513 4321 538 4332 -·
565 4292 699 4364 placaris]
718 4291 862 4346 Vocaliss'
912 4304 1052 4347 rosentem
1071 4291 1171 4361 partic.
1190 4290 1296 4345 sectius
1314 4287 1496 4357 intelligitur

288 4365 317 4418 in
340 4361 586 4418 terminationibus
595 4367 631 4426 is,
648 4367 726 4427 imos,
746 4367 793 4417 itis
814 4379 863 4416 an-
912 4383 981 4433 osce
1000 4383 1114 4417 corosscs
1131 4379 1153 4415 s.
1172 4381 1232 4416 eoas
1252 4381 1372 4424 corones,
1400 4377 1495 4428 quam

224 4469 227 4474 ,
288 4436 311 4489 ti
331 4435 406 4489 uitus
430 4435 515 4504 longa
541 4434 608 4503 luit3
638 4435 673 4489 cl.
694 4433 773 4488 ovid.
793 4433 862 4488 net.
912 4433 987 4505 qnod
1010 4433 1059 4487 alii
1080 4432 1230 4487 voluerunt
1253 4433 1390 4486 tannaco
1408 4451 1496 4486 coro·

329 4509 410 4568 ‚357
430 4505 531 4560 »vitam
550 4505 689 4561 dederitis
706 4506 736 4559 in
754 4504 863 4573 unda«;
913 4527 968 4562 ms.
1017 4503 1202 4559 Accusativus
1229 4505 1290 4558 deos
1316 4502 1424 4571 pendet
1454 4519 1496 4558 ux

289 4575 482 4640 ibid.11,oeo
507 4577 639 4633 »forsitan
663 4577 790 4632 audiam
814 4578 864 4632 ali·
913 4581 1033 4646 utroque
1055 4577 1152 4644 serbo,
1180 4585 1287 4631 tantm
1303 4577 1334 4628 et
1352 4590 1496 4631 coronan-
