3125 5225
248 234 314 302 570
685 237 1015 309 EPISTOLARUM

250 422 349 500 mUt
373 424 501 501 vineta
527 437 680 523 egomet
706 426 864 503 caedam
890 453 987 525 mea,
1019 468 1061 478 -
1091 454 1178 505 oum
1204 428 1275 505 tibi
1301 426 1468 525 librum,

299 547 471 645 Sollicito
499 548 634 625 damus
659 562 725 627 aut
749 551 872 646 feas03
901 576 988 629 cum
1011 552 1216 651 laedimur,
1242 578 1362 631 unum

299 672 341 749 si
367 674 452 771 quis
478 676 691 751 amicorum
716 688 772 753 est
797 702 910 753 ansus
937 676 1221 777 reprehendere
1246 704 1420 776 versum3

300 798 398 876 Cum
423 796 510 875 loca
534 799 610 878 iam
635 798 794 877 recitata
818 800 1051 880 revolvimus
1073 802 1295 897 irrevocati3

299 923 398 1001 Cum
423 922 677 999 lamentamur
701 948 781 998 non
804 948 992 1025 apparere
1016 925 1168 1003 labores

249 1044 455 1123 asNostros
481 1058 519 1123 et
542 1048 648 1123 tenui
674 1046 840 1123 deducta
864 1060 1043 1145 poemata
1065 1048 1132 1125 filo
1147 1076 1168 1146 3.

300 1171 399 1249 Cum
423 1197 620 1270 speramus
644 1196 690 1247 eo
716 1198 799 1253 rom
826 1176 1022 1264 venturam
1051 1188 1093 1269 ut
1119 1173 1232 1251 simul
1258 1186 1375 1273 atque

300 1294 483 1373 Carmina
507 1296 679 1371 rescieris
708 1320 777 1388 nos
804 1296 961 1395 fingere,
989 1298 1212 1378 commodus
1238 1298 1339 1375 ultro

299 1416 480 1494 Arcessas
507 1431 545 1493 et
570 1443 684 1517 egere
709 1430 823 1498 vetes.
841 1432 877 1494 et
903 1421 1068 1500 scribere
1094 1446 1220 1521 cogas.

301 1542 379 1621 Sed
403 1556 532 1619 tamen
556 1556 618 1635 est,
638 1569 780 1642 operae
803 1544 969 1643 pretium
996 1571 1235 1649 cognoscere,
1264 1544 1398 1647 quales

251 1665 490 1745 serdituoe
517 1669 656 1747 habeat
680 1669 773 1748 belli
799 1683 968 1769 spectata
995 1670 1177 1771 domique

300 1791 431 1867 Virtus
457 1793 618 1892 indigno
645 1820 722 1870 non
749 1794 1022 1871 committenda
1046 1807 1195 1893 politae.

301 1918 441 1995 Gratus
465 1916 687 1995 Alexandro
713 1919 796 2017 regi
821 1920 961 2017 magno
988 1918 1155 2005 fritillo

303 2041 515 2139 Choerilus,
542 2043 694 2119 incultis
724 2044 791 2145 qui
817 2044 987 2121 versibus
1011 2056 1057 2119 et*
1076 2044 1175 2124 male
1199 2043 1298 2124 natis
1404 2066 1408 2078 ·

298 2166 459 2241 Rettulit
485 2181 671 2267 acceptos,
697 2169 828 2269 regale
852 2170 1052 2264 nomisma,
1078 2167 1292 2267 Philippos.

254 2289 382 2395 neSed
410 2291 528 2368 veluti
552 2305 711 2369 tractata
736 2307 866 2371 notam
889 2295 1095 2398 labemque
1120 2292 1321 2393 remittunt

301 2415 536 2511 Atramenta,
564 2416 645 2493 fere
667 2417 871 2515 scriptores
895 2417 1063 2493 carmine
1088 2414 1205 2493 foedo

302 2536 515 2639 Splendida
540 2541 642 2618 facta
666 2539 803 2616 linunt.
851 2539 961 2618 Idem
988 2566 1053 2616 rex
1079 2539 1159 2636 ille,
1184 2552 1325 2640 potima

252 2725 338 2774 natta
357 2720 473 2791 midam]
504 2719 629 2778 Excusat
655 2721 823 2790 Augustum,
874 2719 958 2790 gusti.
974 2719 1234 2790 Commentcmq.:
1255 2719 1392 2792 »dignum
1404 2723 1453 2774 ast

252 2791 328 2861 quod
337 2791 477 2845 interdum
487 2791 623 2846 minorem
633 2809 730 2846 curam
740 2809 824 2861 quam
874 2795 906 2845 ut
923 2807 1133 2862 cognoscamus,
1156 2791 1218 2861 quis
1238 2794 1388 2862 poetarum
1407 2789 1452 2846 di·

252 2863 410 2934 axspecteri
438 2863 559 2918 debebat
578 2863 769 2934 impendisset,
796 2869 825 2917 ot
873 2879 945 2933 gnus
957 2863 994 2918 sit
1006 2862 1130 2921 seribere
1141 2865 1191 2918 tua
1204 2862 1307 2926 factas
1322 2891 1350 2900 —
1364 2865 1453 2925 Cice-

252 2935 363 3004 onlpam
389 2934 500 2988 confert
525 2935 555 2989 in
576 2935 703 3004 ipsorum
726 2937 824 3004 poeta·
873 2933 954 3002 ritas]
974 2928 1006 2988 A.
1025 2933 1055 2986 Ρ.
1073 2935 1133 2990 357.
1177 2931 1240 2988 Non
1256 2931 1374 2997 Samius,
1401 2931 1454 2988 sed

251 3023 314 3060 rum
330 3006 484 3060 vanitatem
509 3011 538 3060 at
559 3004 700 3060 invidiam.
727 3034 761 3045 —
794 3017 823 3060 ut
874 3003 1004 3072 Iasensls,
1022 3000 1176 3059 Alexandri
1195 3005 1288 3076 magni
1307 3020 1403 3064 eomes
1423 3009 1454 3060 et

252 3076 701 3202 carisiacensis
718 3075 823 3201 seso
874 3075 1011 3200 sisse:
1033 3071 1453 3218 scolas

252 3165 335 3288 diruq.
386 3219 522 3274 Similiter
545 3219 647 3274 'libuli
667 3218 694 3282 Ι,
721 3221 753 3282 2,
770 3219 822 3272 98:
874 3217 1015 3272 vesaniam
1034 3215 1162 3284 Choerili,
1186 3220 1219 3272 tu
1243 3217 1373 3290 ignoscas
1393 3234 1454 3274 ma-

254 3291 338 3360 ·qnid
348 3291 532 3356 messesnris,
547 3291 655 3354 acerba,
675 3289 776 3344 tussi«
789 3319 822 3328 -
875 3289 1058 3359 gnanimitate
1076 3287 1253 3344 Alexandri«
1273 3285 1453 3360 Peerlkamp.

252 3361 384 3430 sollicito]
403 3361 437 3416 cf.
454 3361 547 3431 Epist.
566 3361 587 3430 1,
610 3365 651 3430 13,
670 3362 686 3416 3
705 3377 746 3432 sq.
787 3357 823 3415 cl.
874 3359 920 3429 (ad
939 3360 972 3414 A.
988 3359 1067 3416 Post.
1086 3363 1149 3430 357)
1169 3357 1366 3431 corrigendum
1388 3375 1454 3416 esse

252 3432 308 3487 Sat.
327 3432 362 3495 Π,
382 3437 406 3496 1,
428 3435 469 3487 le.
489 3463 522 3472 -
550 3428 715 3557 irrevocata]3
729 3432 764 3486 ab
780 3429 823 3484 hi·
874 3432 985 3485 censuit
1001 3434 1054 3496 ttlt,
1072 3447 1156 3502 quam
1174 3431 1366 3486 coniecturam
1384 3447 1454 3502 pro-

252 3503 405 3558 atrionibns
422 3503 477 3558 hoo
500 3505 650 3572 sumptim.
718 3503 751 3558 ic.
770 3519 823 3573 pro
874 3503 953 3558 bavit
978 3501 1193 3570 Doederlinius;
1222 3499 1331 3558 scilicet
1360 3501 1453 3558 latine

251 3573 382 3638 Sextili,
394 3577 458 3629 120:
481 3574 692 3630 »Revocabator
709 3574 744 3628 ab
763 3573 823 3630 uni·
874 3573 930 3628 dici
949 3575 1028 3630 Plato
1047 3577 1096 3628 itte
1119 3575 1298 3638 attentantis,
1319 3590 1375 3628 non
1393 3571 1453 3630 diei

250 3645 339 3699 versis
356 3643 521 3714 (Rosciusls
608 3667 661 3700 nea
678 3643 823 3716 apparere]
876 3647 955 3700 Plato
974 3647 1032 3698 tlte.
1074 3643 1115 3699 De
1134 3661 1188 3716 qna
1212 3649 1374 3714 repraeter
1392 3643 1451 3698 110-

251 3731 309 3772 non
334 3715 456 3788 intelligi
480 3717 516 3771 ab
538 3717 716 3772 audientibus
734 3731 824 3784 neque
875 3717 977 3771 ratium
1002 3715 1059 3770 Sat.
1080 3715 1102 3780 1,
1120 3719 1145 3784 2,
1166 3717 1199 3770 55
1227 3731 1357 3785 compara
1382 3713 1452 3770 Gor·

252 3786 331 3842 recle
351 3787 502 3841 aestimari.
517 3817 546 3826 -
563 3786 686 3857 deducta]
705 3785 768 3841 vide
788 3785 824 3842 ad
875 3785 930 3842 nel.
956 3787 1056 3870 Nepot.
1081 3785 1216 3856 Thrasyb.
1242 3789 1274 3843 4:
1305 3785 1450 3842 »Pittacus

252 3859 311 3914 sit.
328 3855 369 3922 11⁴,
389 3862 419 3922 1,
446 3861 469 3912 4.
506 3887 539 3897 -
569 3877 665 3928 operae
695 3857 822 3928 pretium]
875 3857 932 3923 ille,
959 3875 1007 3927 qui
1031 3863 1137 3928 septem
1156 3875 1187 3912 sa
1208 3857 1315 3914 lentum
1332 3875 1451 3914 numero

252 3929 592 3996 silestantinam
617 3929 708 3984 Docet
729 3929 825 4000 Augu·
875 3932 920 3985 est
943 3929 1088 4000 habitus13
1123 3947 1176 3984 eun
1198 3947 1243 3984 em
1268 3927 1331 3983 Dat.
1355 3932 1385 3982 2:
1417 3947 1452 3984 »a

253 4006 328 4057 stum
337 4005 414 4058 reete
428 4000 587 4057 dissimilem
602 4017 661 4056 esse
671 3999 824 4053 Alexandri
876 3998 1040 4070 Pylaemene
1053 3997 1110 4063 illo,
1125 4015 1208 4069 quem
1220 4000 1358 4056 Homerus
1369 3997 1450 4056 Troi-

253 4074 357 4144 magni
384 4073 432 4143 qui
457 4072 562 4126 malum
587 4077 699 4142 poetam
725 4069 825 4140 rogali·
876 4091 908 4126 co
927 4069 1001 4126 bello
1020 4069 1176 4128 aPatroolo
1192 4070 1371 4128 interiectum
1383 4071 1447 4128 aia«

253 4149 299 4200 ter
326 4148 520 4200 remuneratus
551 4143 603 4198 sit:
633 4142 742 4198 scilicet
768 4159 825 4196 non
877 4143 933 4197 Cio.
953 4141 992 4195 Im
1016 4139 1088 4197 .Cn.
1111 4141 1209 4212 Pomp.
1229 4143 1261 4198 9:
1283 4160 1332 4198 »ex
1351 4139 1449 4198 eodem

253 4233 348 4272 omnes
374 4216 475 4288 dignos
500 4231 561 4270 esse
580 4215 627 4284 qui
644 4230 760 4284 magnas
779 4229 824 4267 res
876 4213 965 4268 Ponto
993 4159 1092 4267 liedes
1119 4213 1166 4267 illa
1194 4211 1277 4284 prolu
1299 4214 1352 4268 'sss
1380 4211 1450 4268 dioi-

253 4287 329 4343 domi
345 4287 517 4356 militiaeque
540 4292 633 4358 gestes
655 4285 824 4340 describant.
875 4289 946 4339 tun«
978 4283 1033 4339 cie.
1055 4283 1113 4338 Cat.
1133 4281 1179 4353 Π,
1200 4288 1248 4340 21:
1271 4306 1282 4334 ι
1310 4283 1450 4340 ,Paullus

257 4388 289 4398 -
308 4359 442 4432 aedituos]
463 4375 558 4414 sacrae
571 4358 647 4412 aedis
659 4360 778 4420 totores,
789 4357 826 4409 la·
876 4356 930 4421 ille,
951 4353 1029 4410 cuius
1048 4371 1159 4412 currum
1177 4350 1276 4412 Perses
1294 4371 1343 4412 rex
1364 4355 1449 4414 hone·

254 4425 414 4503 popitanae,
434 4425 578 4502 aceniam
597 4429 643 4498 qui
661 4433 762 4482 curant
780 4443 825 4481 aa·
878 4427 986 4483 stavit«
1025 4425 1102 4481 Nihil
1121 4425 1208 4500 igitur
1227 4426 1400 4482 mutandum.
1418 4457 1448 4466 -

254 4501 305 4556 des
327 4517 433 4570 sacram
461 4501 525 4556 Μ.
553 4497 753 4555 scotlandum
778 4513 826 4552 ou·
878 4497 1028 4570 Philippoi]
1069 4515 1210 4555 »nummos
1246 4497 1294 4568 qui
1324 4493 1449 4567 Philippi

255 4571 350 4628 stodes
369 4577 400 4627 st
411 4577 595 4628 enarratores.
613 4573 640 4610 -2
653 4569 750 4642 cirtae]
769 4569 827 4624 Au·
878 4569 955 4625 vultu
976 4573 1070 4626 essent
1086 4569 1212 4651 signati·
1234 4569 1317 4624 Acro.
1338 4597 1372 4608 ·-
1391 4581 1449 4626 tra·
