3125 5225
476 218 564 288 mn.
578 177 605 285 1.
629 219 766 288 caan.
781 219 858 286 nu.

220 405 344 484 Idaeis
371 405 547 486 Helenen
571 407 740 508 perfidus
765 407 968 506 hospitam,

219 529 376 629 Ingrato
404 531 546 608 celeres
573 531 701 608 obruit
726 532 803 606 otio

319 659 460 734 Ventos
486 670 528 733 ut
554 670 707 738 caneret
733 657 817 734 fera

186 803 364 880 rNereus
390 804 488 880 fata:
514 804 619 882 Mala
645 804 752 880 ducis
779 804 841 880 avi
867 804 1037 898 domum,

218 927 344 1020 Quam
370 928 490 1004 multo
515 939 661 1028 repetet
686 929 850 1008 Graecia
875 929 997 1006 milite

220 1053 430 1131 Coniurata
455 1065 538 1130 tuas
565 1079 744 1152 rumpere
768 1054 922 1153 nuptias

316 1179 365 1253 Et
389 1203 553 1280 regnum
574 1178 718 1254 Priami
740 1191 860 1255 vetus.

215 1327 324 1403 Eheu
350 1339 515 1426 quantus
541 1327 660 1425 equis,
685 1339 848 1426 quantus
870 1326 979 1403 adest
1001 1327 1092 1402 viris

177 1487 200 1524 ιο
216 1451 364 1548 Sudor3
389 1465 533 1552 quanta
556 1477 686 1528 moves
710 1454 848 1528 funera
868 1452 1072 1560 Dardanae

87 1697 158 1752 naret
182 1697 319 1752 Proteum
347 1695 493 1752 vaticinari
520 1695 648 1749 Menelao
697 1693 735 1750 tis
766 1699 796 1749 et
821 1695 897 1749 inter
925 1713 955 1750 se
985 1695 1065 1780 quasi
1094 1697 1268 1754 certantibus

91 1767 385 1838 (etymlveeeaqql,
404 1767 473 1821 illud
491 1767 647 1836 exemplum
698 1767 805 1820 crimen
823 1767 894 1820 latet
912 1769 942 1820 et
959 1781 1040 1837 origo
1057 1769 1181 1823 omnium
1201 1768 1269 1823 Tro·

88 1839 147 1893 bene
164 1857 192 1894 ae
211 1841 388 1894 imitaturum
408 1837 529 1892 famae
554 1855 648 1907 spera·
698 1837 755 1892 iani
782 1839 864 1908 regui
890 1838 1089 1894 calamitatum.
1108 1871 1142 1879 —
1162 1845 1270 1912 ingrato

90 1911 130 1974 sit,
142 1927 199 1966 oum
208 1911 351 1974 Paridem,
362 1909 484 1964 Helenae
497 1912 647 1980 raptorem,
699 1909 764 1977 otto]
783 1907 851 1978 ipsis
871 1908 971 1964 ventis.
1008 1907 1043 1964 oi.
1061 1909 1113 1964 Vir
1133 1953 1140 1966 .
1158 1912 1225 1965 Aen.
1246 1909 1268 1975 Ι,

90 1981 249 2050 atilanum,
279 1983 364 2036 deum
389 1981 535 2046 marinum,
564 1979 649 2034 simili
697 1981 781 2034 ΙΙΙ-
795 1981 913 2050 cauerat]
934 1981 1004 2034 Cum
1021 1997 1108 2036 oracu
1153 1987 1182 2036 et
1200 1982 1272 2036 rati-

92 2053 191 2107 eonailio
218 2055 412 2124 componeret.
463 2049 541 2106 Nihil
575 2053 648 2105 anim
698 2051 771 2105 ninia
789 2049 914 2105 versibus
932 2052 1270 2121 eesrentmaamvsr-

92 2123 153 2178 aliud
177 2125 204 2178 in
227 2125 281 2180 hoc
308 2124 433 2180 carmine
459 2122 648 2191 quaerendum
697 2123 765 2176 bum
784 2121 819 2176 da
835 2121 878 2176 his
896 2123 1043 2192 proprium
1056 2127 1113 2192 sst;
1134 2122 1269 2193 crepon.

92 2200 124 2247 est
143 2196 192 2250 uisi
215 2196 295 2252 flebo
321 2194 458 2264 quaedam
483 2194 595 2264 poetica
620 2197 649 2247 et
700 2197 803 2258 13,11.
843 2193 901 2249 Sat.
919 2194 953 2259 11,
979 2199 1005 2262 b,
1023 2197 1066 2250 58.
1095 2225 1130 2234 -
1154 2195 1268 2264 Nereus]

93 2265 238 2322 uereitatio
258 2267 297 2322 ad
316 2265 445 2336 exempla
455 2264 570 2320 Graeca.
591 2264 649 2318 Alii
697 2264 760 2318 Non
772 2269 817 2318 ast
831 2263 999 2334 mirandum,
1019 2265 1268 2334 quodhiedemum

93 2335 648 2406 allegoriamdaAntonioetCleopatravi·
697 2335 781 2389 Nerei
795 2351 898 2390 nomen
907 2337 1270 2407 collocatumest;primum

92 2405 438 2464 dentetrelernntcarmen
448 2407 484 2461 ad
495 2410 649 2462 a.u.c.723.
697 2404 811 2474 quidem
828 2406 1118 2476 antiquiahominibus
1134 2407 1203 2462 haec
1220 2425 1269 2462 no-

92 2477 166 2532 lledia
175 2480 253 2534 bnins
263 2486 377 2549 quoque
390 2479 521 2534 carminis
533 2483 592 2532 stro
614 2479 650 2532 ha
697 2477 781 2530 minis
805 2479 962 2542 collocatio,
990 2479 1121 2547 quoniam
1147 2497 1203 2549 qna
1227 2496 1270 2533 ra·

92 2565 207 2605 numam
228 2553 271 2606 rai
293 2549 427 2605 ostendit.
463 2549 533 2603 Nam
554 2549 596 2604 »n'
619 2549 648 2615 il,
697 2550 774 2602 tione
799 2565 851 2603 nos
878 2549 1030 2604 sententiaa
1054 2549 1205 2605 dividimus
1228 2551 1269 2605 in·

93 2620 288 2689 inquitllerena,
307 2624 338 2677 in
357 2638 452 2693 pugna
468 2622 542 2676 valet
559 2622 650 2677 forma
698 2622 843 2744 terfositis
860 2622 1006 2677 commatis
1027 2639 1084 2677 non
1099 2622 1270 2683 dividebant.

95 2699 132 2745 ant
147 2698 246 2762 cantus,
275 2695 378 2763 quibua
398 2694 426 2747 in
443 2692 572 2747 thalamis
590 2710 649 2745 mu·
698 2710 743 2745 mu
756 2696 787 2745 to
818 2692 872 2745 fnit
904 2692 1027 2762 facilior3
1062 2692 1162 2748 deinde
1197 2710 1270 2747 »non

94 2760 212 2827 barcalae,
240 2782 298 2819 non
327 2767 356 2839 in
381 2764 486 2833 eampis
513 2763 566 2817 viri
590 2764 649 2816 vin·
698 2764 788 2817 inania
809 2763 886 2817 lusus
911 2766 1038 2834 poeticus
1067 2764 1113 2819 bio
1135 2770 1188 2832 eat,
1217 2764 1268 2819 aad

93 2838 184 2889 cuntur.
202 2835 323 2899 Peribis,
343 2840 373 2890 et
390 2840 484 2889 tamen
501 2836 649 2903 aeroperi-
698 2835 746 2903 qui
771 2834 935 2898 attenderit,
966 2836 1069 2891 sentiet
1097 2836 1138 2890 sic
1165 2852 1265 2891 novam

94 2903 148 2959 bia«
169 2907 295 2962 (letarum
312 2904 469 2975 Porphyrio
484 2906 648 2961 scholiastae
698 2906 780 2959 simul
798 2906 856 2959 rim
877 2905 1011 2961 accedere
1037 2906 1159 2962 seeundo
1184 2922 1269 2961 mem·

95 2974 229 3041 mauvia,
252 2979 395 3033 imitatum
422 2994 482 3032 ease
503 2976 649 3031 Horatium
697 2978 758 3033 bro.
777 2976 876 3031 Multis
892 2993 960 3032 vero
978 2978 1069 3032 modia
1085 2981 1187 3033 curant
1204 2994 1269 3047 poe·

96 3043 250 3116 Bacchylidis
270 3050 372 3104 Graeci
399 3054 499 3117 poetae
526 3065 648 3112 carmen,
697 3054 743 3101 tae
761 3047 792 3101 in
811 3048 976 3103 continuate
998 3049 1209 3103 constructione
1233 3065 1269 3102 ne

97 3117 181 3185 inquo
199 3119 357 3174 Cassandra
371 3120 478 3173 exitum
494 3119 564 3173 belli
581 3118 648 3172 Tro·
697 3119 779 3189 vigor
797 3120 932 3174 orationis
946 3119 1098 3187 decrescat,
1117 3119 1268 3175 aedalatur

95 3186 139 3240 'uni
155 3191 367 3245 vaticinabatur.
385 3190 443 3244 Iam
459 3208 521 3245 eum
539 3206 648 3259 expau·
698 3194 726 3243 et
737 3191 978 3261 angeatur-scita«
1000 3190 1109 3245 Disssn.
1120 3190 1267 3245 adTibull.

95 3258 126 3311 eis
139 3258 306 3331 Bacchylides
327 3278 397 3331 quaa
415 3262 496 3315 nebia
520 3265 585 3315 snut
606 3278 648 3315 re·
697 3260 831 3330 11.p.14.
866 3262 974 3316 Nereus
993 3267 1024 3315 et
1049 3278 1144 3317 omnes
1166 3261 1268 3315 marini

99 3326 174 3396 liquis
190 3340 295 3387 eertum
315 3332 351 3387 de
369 3349 403 3386 ea
419 3350 450 3385 re
463 3332 595 3387 iudicium
609 3333 649 3385 fa·
697 3332 742 3387 dei
765 3332 937 3387 vaticinandi
959 3336 1131 3401 potestatem
1164 3333 1268 3388 habam

98 3414 146 3453 aare
161 3420 212 3457 non
230 3404 380 3475 possimus,
404 3402 466 3471 quis
491 3404 584 3471 apicas
602 3420 647 3457 res
697 3403 880 3471 dicebantur;
903 3403 967 3457 side
988 3403 1087 3473 Virgil.
1107 3404 1208 3474 Georg.
1221 3401 1268 3470 IV,

98 3470 167 3535 lyrica
178 3477 283 3529 ntione
295 3474 418 3531 describi
430 3490 512 3543 posse
523 3474 647 3543 negabit,
696 3477 748 3529 392
758 3491 799 3543 sq.
810 3506 843 3515 -
859 3475 914 3543 aei]
932 3490 983 3543 per
1000 3474 1198 3543 metonymiam
1214 3491 1267 3544 pro

95 3557 143 3594 tum
156 3547 317 3611 passerum
336 3552 448 3601 noatroa
461 3560 648 3614 quoquepoe·
698 3550 793 3613 omine,
810 3562 875 3599 cum
887 3546 924 3601 ab
935 3546 1034 3601 avibus
1050 3548 1144 3599 omina
1159 3549 1268 3601 veteres

95 3616 128 3665 tra
153 3615 220 3671 idem
248 3634 333 3687 saepe
365 3617 456 3670 faeere
485 3614 647 3671 rideamus?
696 3618 835 3687 peterent,
853 3617 887 3671 cf.
908 3617 998 3671 Carni.
1013 3616 1063 3682 ΙΙΙ,
1079 3618 1159 3684 3,61.
1176 3616 1267 3686 Epoel.

98 3680 183 3738 Deinde
201 3689 314 3757 siquod
330 3688 647 3757 eaputeanuiniaqnae-
699 3692 905 3753 lul-matta
923 3688 1021 3756 metite]
1040 3688 1104 3743 uide
1120 3688 1157 3743 ad
1175 3687 1266 3743 (tarra.

97 3768 130 3805 ru
144 3772 191 3823 qno
207 3760 316 3814 animus
336 3760 421 3814 etiam
431 3759 574 3813 homiuum
586 3766 647 3813 tan·
698 3764 719 3821 l,
738 3762 762 3823 7,
780 3762 806 3813 8.
833 3786 867 3799 ··
891 3761 1046 3829 cantaram]
1077 3760 1120 3814 De
1146 3777 1177 3815 re
1203 3759 1267 3815 vida

55 3842 57 3899 l
98 3828 170 3895 eatur,
190 3828 317 3885 Schilleri
334 3831 427 3885 verbis
444 3829 580 3885 nostratis
598 3846 646 3898 ap·
695 3830 772 3899 Virg.
788 3829 994 3898 non.1v,4ae;
1015 3830 1050 3885 de
1067 3848 1168 3901 graeca
1185 3831 1268 3885 huius

56 3900 58 3960 l
99 3896 169 3960 mute
185 3899 273 3956 dieas:
291 3902 349 3956 Das
367 3902 406 3955 ist
423 3902 474 3955 der
487 3900 576 3955 Fluoh
594 3900 646 3955 der
694 3901 774 3956 verbi
804 3916 869 3955 oum
898 3900 1037 3956 infinitivo
1071 3903 1267 3958 coniunctione

99 3964 166 4021 bisen
190 3970 267 4037 Tlaat,
297 3973 362 4027 dass
392 3973 431 4027 sie
458 3972 645 4042 fortnengend
694 3972 793 4041 Virgil.
803 3971 877 4026 Geor
898 3972 940 4036 .1,
955 3975 1021 4041 2803
1044 3973 1129 4029 etiam
1148 3971 1264 4029 Sallust.

101 4034 166 4093 Besa
182 4059 254 4097 muas
269 4044 404 4113 gebaren.
696 4042 879 4107 Catenae:
907 4043 1048 4111 iamt.

130 4108 155 4163 V.
167 4115 186 4166 1.
210 4114 335 4183 senemr]
364 4113 486 4184 Egregia
512 4113 566 4169 hoa
584 4122 644 4169 ter·
736 4114 768 4169 V.
790 4116 816 4169 9.
845 4114 931 4182 aaa]
959 4112 1046 4169 Vates
1073 4132 1138 4170 oum
1163 4116 1265 4171 mentia

101 4174 150 4232 bam
164 4184 277 4251 positum
295 4189 339 4240 eat
361 4192 393 4239 nt
417 4202 518 4256 graece
541 4184 644 4253 ἕλκεινς
695 4186 755 4241 acie
772 4202 844 4254 quae
862 4183 958 4239 futura
976 4188 1034 4240 sint
1053 4186 1147 4241 omnia
1163 4185 1266 4250 videat,

103 4264 150 4329 nan
166 4254 264 4309 etiamsi
283 4253 393 4311 Helena
411 4262 510 4326 sponte
528 4274 578 4311 sua
592 4256 645 4311 Pa·
694 4256 755 4325 ipse
775 4257 873 4311 dolore
889 4257 1011 4326 quodam
1028 4261 1160 4327 uuquam
1185 4274 1268 4328 prae·

103 4318 170 4375 man
185 4330 274 4381 secuta
291 4344 353 4382 ease
370 4328 483 4393 dicitnr,
500 4328 645 4383 blanditiis
694 4327 816 4383 santium
834 4344 929 4382 rerum
947 4328 1109 4399 corripitur.
1145 4328 1206 4395 Quo
1225 4329 1267 4395 lit,

104 4394 173 4447 bnon
189 4399 215 4450 et
230 4399 299 4453 mala
318 4404 381 4453 arte
400 4403 484 4469 rapta
500 4403 559 4467 ast;
578 4416 645 4469 qna·
694 4402 726 4453 ut
743 4399 773 4453 iu
789 4398 928 4454 eiusmodi
952 4399 1022 4453 loeis
1041 4416 1106 4453 oum
1124 4400 1212 4455 animi
1228 4400 1267 4455 ai·

105 4468 197 4532 emptu
227 4469 255 4523 in
282 4470 335 4525 hoe
362 4471 449 4525 verbo
484 4474 514 4525 et
543 4471 571 4525 iu
601 4470 645 4525 his
693 4470 816 4525 lectione
835 4470 919 4525 etiam
935 4470 1071 4525 orationis
1091 4472 1133 4526 vis
1149 4476 1266 4527 creseat.

106 4538 194 4600 arten
209 4542 336 4613 torpetem
356 4542 483 4599 consulto
505 4542 544 4595 sio
570 4542 644 4611 posi·
693 4540 754 4595 Huc
773 4546 884 4612 spectat
902 4546 947 4596 ter
965 4542 1089 4610 positum
1102 4542 1266 4597 vocabulum
