3125 5225
448 342 533 407 LIB.
557 342 581 408 I.
608 340 746 409 CARM.
768 342 829 408 IX.
852 342 895 409 X.

217 530 326 607 Nune
351 544 389 605 et
412 529 565 607 latentis
590 530 768 629 proditor
792 532 929 606 intimo

198 652 355 733 ¹(iratus
380 655 542 755 puellae.
559 656 657 731 risus
683 656 733 731 ab
759 656 902 755 angulo

264 780 487 880 Pignusque
513 781 715 878 dereptum
736 780 889 858 lacertis

313 904 393 981 Aut
420 906 545 1003 digito
573 907 673 985 male
698 910 896 1005 pertinaci.

526 1325 716 1411 Οιιιιιιιιι
748 1328 800 1412 X.

260 1518 442 1614 Mercuri,
470 1518 635 1594 facunde
661 1543 781 1617 nepos
809 1517 989 1615 Atlantis,

84 1762 201 1833 paramur]
221 1762 327 1815 iterum
339 1764 425 1829 atque
440 1759 543 1814 iterum
561 1776 642 1829 quae·
693 1760 742 1815 aad
761 1760 847 1815 etiam
865 1780 927 1816 cum
945 1761 1112 1816 homiuibus.
1142 1760 1214 1815 llam
1231 1759 1267 1814 de

84 1840 173 1888 rantur.
190 1862 224 1873 ·-
243 1853 315 1887 num
335 1844 359 1886 et
381 1832 504 1903 latentia]
532 1832 645 1886 Deseri-
693 1832 855 1901 eloquentia
871 1836 913 1888 sie
931 1833 1028 1889 Cicero
1048 1833 1082 1887 da
1106 1834 1177 1887 orat.
1192 1831 1214 1896 1,
1233 1834 1265 1885 ὃς

84 1906 228 1959 tituriusus
247 1903 415 1967 amantium,
436 1920 490 1973 quo
504 1903 599 1973 puella
613 1903 642 1957 in
695 1902 787 1971 »Quae
804 1905 847 1958 ris
865 1906 921 1959 alia
940 1905 1035 1975 potuit
1054 1908 1102 1957 eut
1125 1903 1267 1973 dispar-soa

83 1976 167 2047 angulo
192 1978 289 2045 aliquo
317 1974 415 2031 domus
448 1974 538 2031 latens
573 1974 643 2029 velle
693 1975 819 2031 homiues
850 1994 936 2031 unum
966 1977 997 2031 in
1024 1976 1116 2031 looum
1151 1990 1268 2047 ‹tongre-

84 2048 176 2117 quidem
195 2064 224 2101 se
240 2046 343 2100 fallere
356 2048 510 2099 amatorem
522 2044 643 2113 simulat,
693 2063 760 2117 gare
778 2051 825 2101 aut
843 2065 860 2101 a
877 2047 938 2102 fera
961 2046 1122 2117 agrestique
1148 2047 1207 2101 vita
1231 2044 1268 2099 ad

84 2118 121 2173 sed
137 2119 204 2173 dulei
222 2117 315 2171 risui
339 2121 475 2181 sanarat,
498 2121 530 2171 ut
547 2118 643 2171 ualeri-
692 2120 766 2173 huno
790 2120 941 2173 humanum
969 2120 1076 2174 cultum
1103 2117 1268 2187 civilemque

83 2198 117 2243 ter
131 2191 292 2260 reperiatur,
313 2134 417 2242 deiude
430 2188 644 2242 amatorarmil·
693 2189 867 2245 deduceret«
906 2191 947 2245 Ea
974 2195 1068 2245 autem
1093 2187 1203 2243 cultura
1217 2189 1268 2244 ho-

83 2262 126 2315 lan
141 2262 182 2316 rel
199 2262 317 2315 anulum
345 2259 500 2315 reluctanti
530 2259 643 2329 quidem
691 2264 796 2317 minum
820 2261 925 2332 duplex
955 2268 1007 2327 eat,
1038 2260 1124 2315 animi
1149 2264 1178 2315 et
1205 2278 1267 2316 σοι·-

83 2332 120 2388 rad
135 2334 202 2388 rinei
221 2330 351 2402 oupieuti
369 2329 470 2385 aufert.
495 2330 528 2383 In
544 2336 642 2385 vati.
691 2335 783 2405 porta,
813 2351 899 2405 quare
917 2333 1073 2388 Merourius
1101 2349 1158 2387 non
1176 2326 1267 2403 λόγιος

82 2408 114 2458 lt.
133 2402 396 2459 animadvertendus
420 2406 463 2469 eat
489 2400 641 2458 admirabi·
692 2406 783 2460 solum
793 2405 936 2460 sedetiam
952 2399 1069 2475 ἀγώνιος
1084 2407 1135 2458 est·
1158 2403 1267 2458 Deinde

83 2476 108 2528 lis
122 2477 264 2530 verborum
283 2473 366 2540 ordo,
387 2490 443 2542 quo
464 2490 533 2542 quae
551 2473 641 2528 mixte
692 2478 809 2532 eumad
827 2478 1015 2546 eloquentiam
1033 2480 1063 2531 at
1078 2475 1266 2545 persuadendi

82 2552 104 2600 et
118 2547 276 2618 perturbata
295 2544 437 2609 videntur,
454 2560 584 2599 versuum
602 2548 642 2600 ta·
692 2549 748 2603 vim
760 2549 909 2619 prudentie
928 2553 957 2603 et
973 2547 1110 2603 calliditas
1125 2545 1208 2601 faeile
1221 2564 1265 2602 ae-

82 2620 219 2684 mentuale,
247 2619 279 2672 in
309 2617 411 2685 quibua
438 2633 508 2685 quae
527 2617 641 2672 ooniun·
693 2621 803 2686 eadent,
831 2621 892 2676 lieri
911 2639 970 2675 nou
994 2620 1095 2691 potuit,
1123 2618 1189 2687 quin
1213 2619 1266 2673 hae

81 2687 643 2816 iltiffltl³ltllt⁰ttl²b²tll
691 2691 1072 2819 lumitati
1095 2690 1266 2830 litl‘tt‘

513 2800 521 2816 0
914 2803 922 2828 a
1134 2803 1138 2810 ι
1258 2803 1265 2827 ι

80 2833 199 2888 uiuorum
215 2833 333 2904 parium
351 2829 641 2898 nominenumine
692 2835 824 2905 quoniam
851 2834 1016 2890 bellantium
1050 2783 1264 2888 etprixantium

79 2907 313 2976 puellm,mdiior
324 2907 410 2973 risui,
424 2907 519 2958 intimo
531 2905 642 2974 anuali)
691 2907 778 2962 animi
796 2906 973 2976 eloquentiae
991 2907 1134 2975 potestate
1154 2904 1266 2974 plaoan·

80 2977 123 3029 uis
137 2976 281 3047 superiora
310 2975 431 3045 (latentia
456 2977 581 3044 proditer
602 2979 642 3029 ιἰι·
692 2983 740 3033 tur
756 2985 786 3033 et
806 2978 999 3041 emolliantur,
1028 2979 1058 3032 et
1075 2982 1129 3045 far,
1155 2973 1265 3046 ληϊστὴρ

79 3049 140 3114 aas)
164 3047 277 3102 eoadem
308 3046 385 3101 loooa
410 3043 596 3100 obtinuerunt
612 3045 643 3098 in
691 3050 729 3120 (h.
748 3050 834 3104 Mero.
854 3051 897 3120 14)
915 3049 1028 3113 dieitur,
1049 3047 1115 3117 quia
1132 3047 1162 3100 in
1180 3046 1264 3101 furtis

78 3123 141 3182 ull,
166 3136 236 3189 quos
262 3115 324 3172 tria
350 3115 486 3172 iuferiora
510 3117 642 3187 (puellae,
692 3138 804 3192 quoque
820 3126 849 3176 et
867 3121 936 3176 ioeis
952 3137 1069 3174 muman
1081 3117 1201 3172 maxima
1218 3119 1265 3173 ad·

79 3197 145 3253 ηἰιιε,
164 3190 275 3262 uagata)
304 3189 337 3244 in
360 3192 434 3243 ult
453 3193 642 3256 ooouparunt;
690 3193 777 3247 iuvat.
814 3192 859 3246 Ex
875 3192 929 3246 hae
945 3196 1040 3246 autam
1057 3189 1191 3244 Mercurii
1211 3191 1266 3245 rir-

80 3261 171 3316 Ιιιιιιιίι
188 3263 301 3334 paellae
321 3257 351 3314 in
370 3259 482 3314 artibus
501 3267 530 3313 et
548 3276 642 3314 caesu-
691 3268 752 3320 tute
770 3264 967 3334 intelliguntur
985 3267 1045 3317 tres
1062 3257 1193 3330 strophae
1209 3279 1266 3318 me-

80 3331 117 3396 ria,
133 3335 250 3400 proditor
265 3337 342 3386 ηἰιιι
360 3332 390 3384 iu
410 3330 498 3384 initiis
519 3335 586 3386 sunt
603 3331 642 3386 al·
691 3335 762 3390 dias.
780 3335 850 3390 Tum
868 3335 943 3389 idem
961 3334 1030 3389 daus
1047 3333 1136 3402 lyram
1155 3350 1266 3403 quoque

78 3407 181 3457 terarum
189 3403 465 3473 partiumvarauum,
483 3407 577 3456 intimo
593 3423 642 3456 an·
692 3407 832 3461 invenisse
854 3407 966 3470 dieitur,
994 3407 1060 3474 quia
1087 3404 1194 3458 musica
1218 3423 1264 3460 ars

78 3477 126 3542 ,ato
144 3491 239 3530 sersus
258 3473 406 3530 claudunt.
450 3473 489 3527 Et
515 3473 556 3527 aio
574 3491 641 3542 quo·
691 3477 812 3532 multum
827 3475 1265 3533 valatadformaudoahomiuum

79 3563 120 3612 que
135 3545 217 3602 habea
234 3549 349 3601 eertum
367 3543 493 3600 ordinem
690 3549 797 3604 animos
815 3554 845 3603 et
868 3548 1026 3618 eloquentia
1042 3547 1202 3617 propinqua
1221 3553 1266 3602 ast

90 3620 107 3668 l.
178 3621 203 3672 2.
284 3620 311 3672 3.
389 3619 415 3670 4.
494 3619 520 3669 d·
600 3617 626 3672 6.
710 3621 776 3675 ossi.
812 3620 940 3690 Denique
958 3619 1114 3674 Mercurius
1138 3624 1191 3685 eat,
1216 3621 1264 3689 qui

78 3686 114 3741 lut.
150 3689 228 3759 prod
267 3689 321 3744 int.
361 3686 439 3758 puell
482 3687 531 3742 ria·
575 3703 638 3756 ang·
687 3639 958 3760 dominaremini
968 3695 1059 3745 morte
1070 3689 1210 3754 conciliat,
1232 3697 1265 3748 ut

295 3787 313 3814 κ
390 3789 396 3802 ·
690 3763 796 3818 animas
819 3764 854 3818 ad
879 3763 983 3818 interos
1008 3761 1092 3817 ducat
1116 3766 1160 3815 et.
1174 3774 1265 3833 ψυχο-

101 3786 594 3910 w
691 3836 808 3906 πομποῦ
828 3836 872 3890 vel
891 3835 1065 3905 ψυχαγωγοῦ
1089 3850 1192 3888 nomen
1219 3850 1264 3888 ae·

691 3906 808 3975 ceperit.
828 3907 890 3973 Qua
900 3905 1013 3976 quidem
1031 3904 1141 3959 ratione
1157 3906 1264 3974 perspi·

80 3980 133 4035 Cum
152 3983 389 4054 quareeonleraa
401 3985 641 4042 adnotadcarm.
691 3994 773 4032 ouum
787 3983 837 4043 eat,
852 3976 1027 4046 eloquentiae
1036 3976 1066 4030 vi
1080 3993 1114 4030 ao
1143 3980 1265 4032 otestato

27 4069 30 4082 ·
80 4051 117 4114 111,
142 4059 181 4118 ll,
206 4060 242 4114 26
263 4073 307 4124 aq.
334 4085 367 4096 -
397 4057 478 4128 nale]
506 4075 562 4113 non
593 4059 640 4114 ad.
690 4049 785 4103 omnia
795 4051 927 4118 coniungi
942 4053 972 4102 et
984 4047 1100 4117 pisauri,
1122 3995 1264 4102 deoaoum

80 4125 183 4181 nodum.
689 4119 990 4208 hominibus,hominea
1000 4118 1183 4202 remissioris}
1198 4136 1264 4195 qua

246 4235 398 4292 carmen
417 4237 450 4291 X·
688 4190 1264 4331 {tultiltlttftltztllllt?

104 4330 219 4398 Hymnus
238 4337 284 4388 est
299 4333 335 4386 ad
351 4334 529 4400 Memmium,
549 4335 637 4390 filium
688 4335 771 4404 quod,
799 4335 854 4388 uisi
873 4333 994 4404 vestigia
1021 4333 1130 4396 fallunt,
1159 4332 1196 4386 ad
1216 4333 1264 4388 Al·

79 4397 138 4456 laria
153 4405 269 4461 exdiaia
286 4405 412 4459 Atlantia
424 4403 490 4470 filia,
509 4408 557 4476 qui
574 4426 638 4462 oum
688 4407 747 4461 oaei
765 4405 925 4476 exemplum
935 4404 1121 4473 compositum
1135 4407 1188 4468 ast,
1206 4422 1264 4460 non

80 4475 330 4548 ΙΙΜΜἙρμῆς
343 4475 413 4530 deus
430 4481 503 4532 esset
518 4477 637 4534 rationis
688 4483 783 4548 potest
800 4476 921 4532 deliniri.
969 4476 1064 4530 Alcaei
1087 4492 1199 4529 carmen
1217 4493 1264 4530 eo·

80 4547 100 4592 et
109 4543 286 4615 eloquentiae,
298 4547 450 4617 plurimum
460 4549 549 4604 valuit
558 4555 588 4604 ot
600 4551 637 4605 ad
688 4550 750 4604 dem
768 4554 859 4604 metro
877 4552 938 4603 erat
957 4547 1101 4615 seriptum,
1119 4551 1153 4599 ut
1167 4550 1262 4601 osten-

80 4615 242 4690 txmlendum
272 4635 364 4688 genus
392 4618 532 4675 hominum
551 4625 579 4676 et
598 4622 635 4678 ad
687 4621 728 4675 dit
747 4620 950 4690 fragmentum:
972 4625 1076 4688 »Χαῖρε
1091 4613 1258 4678 Κυλλάναςὸ

81 4689 212 4756 iurando·
230 4691 302 4746 deos
326 4705 387 4744 non
405 4689 491 4744 solum
510 4691 584 4748 iuter
601 4711 632 4750 ae
685 4693 790 4766 μίδιις,
809 4691 842 4745 σὲ
859 4687 914 4762 γὰρ
930 4709 1007 4762 μου
