3125 5225
465 284 528 351 DE
548 284 671 353 Auru
693 284 906 353 POETIOA.
1220 284 1282 351 621

137 471 267 549 Nolito
292 470 345 549 ad
369 498 501 550 versus
525 474 597 551 tibi
623 476 744 550 fastos
771 474 913 551 duoere
936 472 1095 573 plenum

138 597 340 676 Laetitiae:
368 599 550 677 elamabit
573 602 678 677 enim
702 600 886 677 Pulchrel
914 598 1037 675 Benel
1062 598 1198 677 Rootel

135 721 323 826 Pallesoet
346 750 462 823 super
486 723 557 822 his,
586 725 704 801 etiam
727 724 887 801 stillabit
910 724 1042 801 amieis

92 848 191 922 anEx
216 847 336 925 oeulis
361 874 500 946 rorem,
528 849 649 947 saliet,
672 849 809 925 tundet
829 849 930 950 pede
957 861 1110 925 terram.

136 971 184 1049 Ut
209 972 276 1071 qui
301 972 481 1049 oondnoti
505 972 662 1070 plorant
686 974 729 1049 in
753 973 900 1071 funere,
929 972 1061 1050 dieunt

135 1096 182 1171 lit
206 1096 354 1173 iaciunt
376 1121 500 1197 prope
523 1095 637 1197 plura
660 1096 880 1175 dolentibus
907 1124 952 1173 ex
978 1098 1120 1194 animo,
1148 1096 1203 1171 sio

137 1221 296 1297 Derisor
317 1247 410 1298 varo
436 1222 525 1320 plus
550 1222 752 1299 laudatore
776 1234 963 1299 movetur.

135 1346 258 1445 Reges
283 1345 463 1423 dicuntur
489 1348 619 1424 multis
643 1373 785 1446 urgere
813 1347 964 1425 oulullis

88 1468 181 1543 salit
206 1480 388 1569 torquere
407 1494 526 1567 mero,
551 1496 668 1570 quem
694 1470 934 1569 perspexisse
958 1470 1149 1564 laborant,

135 1589 199 1668 An
224 1593 274 1669 sit
297 1595 464 1672 amicitia
490 1595 649 1695 dignus:
676 1597 708 1670 si
733 1593 903 1672 earmina
930 1594 1084 1693 condes,

133 1714 341 1817 Nunquam
363 1730 402 1802 te
427 1717 565 1795 fallant
591 1719 713 1795 animi
737 1719 808 1795 sub
836 1719 954 1819 vulpe
981 1720 1153 1799 latentes.

135 1838 323 1933 Quintilio
350 1844 383 1919 ai
408 1843 503 1942 quid
525 1844 716 1939 reoitarea
740 1844 902 1942 Corrige
927 1844 1038 1921 sodes

132 1965 233 2063 Hae,
257 1968 394 2063 aiebat,
420 1982 459 2045 et
483 1969 566 2045 boo.
613 1970 753 2047 Melius
778 1982 817 2045 te
844 1995 956 2069 posse
981 1994 1141 2069 negares

86 2092 199 2167 aaa
216 2105 361 2195 *terque
387 2106 585 2191 expertum
611 2093 764 2189 frustra,
790 2093 918 2171 delere
940 2090 1098 2169 iubebat

133 2218 179 2292 Et
204 2218 308 2295 male
332 2230 504 2295 tornatos
528 2219 661 2295 incudi
686 2219 851 2295 reddero
874 2244 1027 2295 versus:

133 2340 175 2418 Si
201 2342 416 2421 defendere
444 2344 626 2421 delietum
657 2370 772 2445 quam
799 2358 948 2423 vertere
974 2342 1118 2440 malles,

133 2466 295 2551 Nullum
310 2468 413 2545 ultra
427 2471 588 2547 verbum
611 2483 676 2545 aut
697 2495 855 2568 operam
881 2469 1096 2546 insumebat
1117 2468 1282 2562 inanem,

135 2591 241 2687 Quin
267 2595 349 2672 sine
374 2594 487 2672 rivali
510 2607 628 2696 teque
653 2608 692 2672 et
714 2608 780 2671 tua
806 2594 909 2672 solus
935 2621 1093 2671 amares.

85 2719 204 2796 mVir
232 2722 365 2796 bonus.
381 2734 420 2797 et
443 2721 614 2821 prudens
643 2745 773 2797 versus
800 2719 1055 2818 reprehendet
1079 2719 1231 2808 inertes,

135 2846 320 2945 Culpabit
344 2845 476 2941 duros,
499 2847 707 2945 incomptis
732 2845 865 2922 allinet
886 2857 1012 2920 atrum

86 3073 175 3133 datar.
197 3109 230 3120 -
256 3079 451 3150 tataraoaem]
469 3079 533 3134 vide
548 3078 585 3135 ad
604 3079 662 3134 Sat.
712 3081 756 3134 88.
775 3107 811 3118 -
829 3079 953 3146 aalaltta]
974 3075 1037 3131 vide
1055 3073 1194 3130 adeam.
1204 3071 1226 3136 Ι,
1242 3073 1285 3136 al,

86 3145 107 3210 l,
124 3150 150 3213 2,
170 3151 218 3204 62.
244 3179 278 3190 ·-·
306 3154 430 3215 reatae,
457 3155 537 3221 Bane,
567 3153 660 3217 Reate]
715 3151 902 3220 ll.-aalpa]
922 3147 1163 3210 SiePsrs.t‚11⁷:
1186 3144 1285 3197 »Astu-
1318 3170 1320 3174 ·

85 3217 273 3291 Peerlkamp:
293 3222 335 3278 »ai
353 3239 484 3291 unquam,
496 3221 590 3277 intali
602 3237 663 3276 ora
713 3226 772 3276 tam
792 3235 887 3276 servas
906 3219 1005 3290 rapido
1024 3219 1076 3272 aab
1095 3219 1209 3287 pretore
1227 3213 1284 3296 vul·

84 3289 161 3345 tione
196 3309 289 3362 eaque
324 3294 478 3348 adulatoria
508 3294 664 3364 requiritur
713 3309 803 3364 pam«
826 3319 860 3332 -
873 3290 1018 3362 Quintilio]
1035 3289 1292 3344 Hunorerumorr·‘

86 3361 194 3418 elimam
217 3363 310 3431 Quare
328 3381 386 3419 non
405 3364 504 3420 dubito
521 3364 589 3434 quin
607 3363 663 3419 llo·
713 3365 802 3418 tieem
819 3362 988 3418 assentatori
1005 3361 1131 3432 opponit.
1161 3356 1231 3414 Vide
1249 3355 1286 3410 ad

86 3434 176 3489 ratius
193 3437 310 3491 inverso
327 3436 426 3490 ordine
445 3435 555 3491 dederit
575 3441 664 3491 reeta!
715 3433 847 3499 carnal,
867 3435 910 3488 24.
942 3433 1014 3488 Tota
1034 3433 1088 3487 loni
1105 3432 1208 3485 natura
1223 3445 1286 3510 aaa·

85 3505 165 3558 tanet
183 3509 329 3578 putebat«
349 3506 427 3562 Idem
438 3508 548 3577 reperit
558 3507 615 3561 Fea
632 3507 672 3562 iu¹
713 3506 771 3566 det,
788 3507 858 3562 baeo
876 3521 939 3560 oum
957 3505 1158 3567 scriberentur,
1178 3499 1286 3567 Quinti·

83 3575 143 3630 ond.
157 3576 288 3634 Romano
302 3577 447 3634 Vatioano.
476 3579 549 3634 Gara
567 3594 663 3648 aequa·
713 3577 782 3632 liam
799 3578 855 3632 iam
872 3576 957 3630 luisse
974 3579 1124 3631 mortuum.
1146 3601 1182 3616 -
1205 3591 1285 3642 nepa·

85 3645 132 3714 rit,
168 3667 238 3704 nam
261 3651 293 3705 in
321 3651 437 3731 vulgata
464 3650 591 3704 leotione
617 3647 663 3704 vel
713 3650 771 3722 m]
790 3650 822 3704 ln
839 3648 947 3719 protasi
965 3653 1009 3702 est
1027 3647 1131 3702 omissa
1145 3642 1287 3716 particula

83 3714 168 3775 babes
187 3721 396 3792 gradationem,
412 3721 561 3804 sed-aliam
578 3727 663 3805 atque
714 3728 748 3778 at.
772 3750 807 3762 -
831 3727 871 3776 ta'a
890 3719 994 3792 serpae]
1013 3717 1078 3802 vide
1096 3717 1132 3800 ad
1151 3714 1242 3787 Epod.
1260 3718 1286 3784 τι,

82 3803 143 3916 3
158 3792 665 3920 mittendam
714 3790 1287 3940 t,:„;;‘astetz,ttlsn²tt

84 3933 250 4001 matianum,
287 3953 357 4005 quae
387 3941 577 3992 assentatores
604 3951 663 3989 non
713 3937 776 3990 talli
798 3933 970 3991 ornamentis
995 3939 1080 3988 torno
1098 3927 1286 3992 elaborandis,

85 4017 181 4061 omnaa
200 4007 284 4062 simul
297 4007 453 4073 effundant,
472 4006 522 4062 aed
541 4007 665 4062 inaliam
714 4013 931 4063 consentaneum
964 4011 1027 4060 arat
1059 4006 1093 4056 nt
1123 4003 1153 4056 in
1183 3997 1285 4055 incude

83 4079 149 4142 boat
166 4077 254 4134 aliam
271 4085 432 4150 erumpunt
455 4107 491 4119 -
520 4077 663 4148 pallescat]
713 4078 832 4133 mareuli
859 4077 964 4132 iotibue
990 4076 1084 4130 omnia
1110 4072 1286 4133 tollerentur,

84 4147 226 4214 »muium
263 4150 315 4206 liet
350 4169 414 4207 eam
450 4150 660 4205 admiratione«
713 4155 745 4205 nt
762 4165 826 4206 oum
843 4148 1024 4204 rotundatum
1043 4148 1119 4202 esset
1140 4141 1286 4198 metallum

84 4217 191 4275 Gom.
213 4221 297 4293 cruq.
332 4222 509 4294 Tragoedias
525 4221 663 4276 recitatae
713 4221 898 4276 denuotorno
916 4218 1131 4274 ineluderatm.«
1155 4213 1285 4269 Orellius.

83 4287 152 4345 looia
169 4297 284 4350 tmere
302 4310 334 4349 aa
350 4293 497 4364 impletum
510 4291 662 4347 simulabit
713 4293 756 4347 De
778 4291 944 4362 metaphora
968 4289 1097 4359 Propert.
1117 4285 1151 4350 11,
1172 4288 1215 4349 34,
1233 4286 1284 4339 4³:

82 4389 118 4402 -
140 4365 247 4435 raram]
267 4364 347 4421 Ovid.
365 4366 433 4422 liet
453 4364 526 4428 xlv,
546 4367 607 4419 706.
627 4393 661 4402 -
715 4363 826 4435 ›Inoipe
848 4363 905 4418 iam
933 4365 1052 4432 angeato
1074 4375 1172 4414 versus
1198 4357 1285 4412 inolu-

83 4436 225 4502 mdaatil
245 4437 310 4492 vida
326 4435 607 4500 adcam.ll‚ao‚aa
654 4475 661 4490 .
712 4434 780 4490 dore
797 4441 907 4490 tomos
922 4465 948 4474 -
963 4429 1158 4504 quianam-aa]
1176 4426 1286 4510 Pendet

83 4531 116 4544 -
134 4505 257 4579 donner]
275 4507 515 4564 {amalmater
534 4453 662 4576 spatii,
732 4511 785 4561 art.
813 4512 878 4578 qaia
912 4521 947 4559 sx
975 4503 1091 4586 notione
1120 4499 1285 4584 probibendi
1317 4518 1325 4530 ·

84 4577 125 4639 18,
151 4579 195 4632 ll·
222 4607 256 4620 —
282 4579 372 4653 repar]
390 4579 456 4635 ride
473 4579 510 4634 ad
529 4579 622 4634 Germ.
639 4577 661 4646 1,
712 4594 796 4647 qnam
813 4576 900 4633 sentis
917 4577 1009 4631 inesse
1025 4591 1056 4629 m
1070 4572 1284 4644 verbasoperaa

81 4652 108 4712 4,
128 4651 171 4705 14.
195 4676 233 4691 ·-
252 4653 387 4725 torpuere]
407 4651 443 4708 oi.
462 4650 555 4721 Epist.
575 4649 598 4715 l,
619 4651 660 4714 18,
711 4655 856 4706 insanare.
877 4677 908 4690 -··
929 4647 1042 4717 inertas]
1065 4645 1125 4700 aina
1143 4643 1284 4715 multata
