3125 5225
660 335 663 339 -
750 293 1003 366 CARMINUM

479 487 671 562 Barbarae
696 499 898 584 postquam
926 483 1096 576 aeoidere
1118 499 1264 560 turmae

435 649 461 688 ιο
477 611 659 687 Thessalo
687 611 832 686 viatore
859 622 896 686 et
921 604 1121 712 ademptus
1148 609 1292 687 Hector

476 736 654 812 Tradidit
681 736 790 812 fessis
817 736 964 812 leviora
989 735 1073 812 tolli

576 860 765 959 Pergama
783 860 921 940 Graiis.

476 1012 632 1088 Nesoias
657 1037 707 1086 an
732 1023 770 1086 te
797 1035 981 1108 generum
1007 1011 1108 1086 beati

479 1136 669 1234 Phyllidis
694 1136 817 1210 flavae
843 1133 1024 1212 decorent
1049 1147 1246 1233 parentes:

439 1297 463 1337 u
478 1263 642 1361 Regium
668 1276 769 1338 uerte
796 1287 915 1360 genus
942 1273 979 1336 et
1003 1271 1159 1358 penates

578 1388 728 1463 Moeret
751 1387 916 1486 iniquos.

481 1537 606 1616 Crede
631 1563 709 1612 non
734 1538 841 1613 illam
869 1538 940 1612 tibi
967 1536 1016 1612 de
1041 1536 1199 1612 scelesta

480 1663 600 1739 Plebe
621 1661 812 1756 dilectam,
840 1687 967 1760 neque
994 1663 1049 1738 sie
1070 1659 1235 1755 fidelem,

483 1787 547 1865 Sic
571 1787 679 1862 lucro
705 1812 879 1863 auersam
904 1787 1073 1884 potuisse
1098 1787 1202 1862 nasui

437 1944 463 1984 u
580 1913 704 1987 Matre
730 1910 923 2011 pudenda.

483 2060 649 2137 Brachia
673 2073 711 2145 et
735 2057 885 2138 vultum
910 2072 1125 2161 teretesque
1150 2089 1256 2138 suras

481 2188 637 2284 Integer
657 2184 794 2279 laud03
822 2186 916 2282 fuge
942 2185 1137 2282 suspicari,

484 2313 601 2391 Cuius
627 2320 803 2385 octavum
829 2308 1036 2406 trepidavit
1061 2324 1165 2387 aetas

584 2431 775 2510 (laudere
799 2429 971 2505 lustrum.

718 2753 929 2840 >Caunus
966 2756 1011 2841 V.

463 2894 663 2969 -Nondum
692 2896 849 2970 subacta
875 2896 977 2971 ferre
1002 2888 1148 2995 iugum'
1163 2896 1266 2971 valet

289 3085 319 3093 -
335 3054 462 3107 stuiolo
474 3049 586 3119 uictore]
604 3066 660 3104 non
680 3048 755 3104 solus
766 3048 859 3104 thil·
910 3054 974 3105 lidia
993 3050 1087 3122 paona]
1107 3048 1146 3105 Ει
1163 3067 1264 3106 nomen
1276 3050 1368 3120 ipsum
1380 3058 1410 3106 et
1428 3054 1488 3123 spi·

291 3126 334 3179 las
357 3127 407 3177 aut
422 3120 635 3191 Neoptolemou
664 3120 715 3175 sed
733 3120 859 3175 Thessali
908 3122 1009 3177 theton
1027 3122 1202 3177 iuventutem
1214 3122 1395 3177 mulierculas
1412 3121 1489 3179 indi·

287 3211 340 3267 pro
360 3194 469 3249 eunctis
488 3192 611 3256 Graecis,
632 3192 697 3261 quia
713 3192 857 3246 nisiThes-
909 3197 989 3263 eant3
1007 3192 1079 3247 flava
1098 3198 1141 3248 est
1159 3199 1191 3247 ut
1208 3192 1274 3248 lolia
1287 3194 1421 3249 arborum
1443 3213 1488 3251 re·

286 3267 408 3321 saloriam
417 3262 545 3330 Achillis,
553 3262 738 3332 Neoptolemi,
745 3263 859 3332 Myrmi-
910 3265 1014 3334 oeutis3
1034 3264 1073 3319 sio
1092 3263 1177 3320 Chlo'e'
1194 3264 1267 3320 flava
1282 3268 1323 3319 est
1333 3264 1425 3320 Carm.
1436 3267 1490 3332 In,

287 3338 391 3392 donum
409 3354 426 3391 o
447 3332 566 3390 eTroia
590 3352 646 3388 non
669 3335 764 3404 potuit
788 3352 820 3388 os
840 3334 858 3387 i.
909 3340 935 3401 9,
957 3338 997 3403 19,
1017 3335 1188 3407 Ganymedes
1206 3336 1252 3405 1v,
1270 3339 1295 3401 4,
1315 3338 1340 3389 4.
1374 3336 1498 3406 Phyllis·

287 3439 322 3449 -
334 3354 446 3478 Hectori
453 3406 535 3461 Hom.
542 3405 573 3459 Il.
583 3404 669 3471 XXII,
679 3410 740 3460 507.
761 3352 858 3471 mli,

289 3481 349 3535 243.
360 3508 393 3518 -
404 3478 487 3533 v.11.
504 3476 615 3545 Duplex
633 3480 678 3530 est
699 3476 859 3531 antitheton
910 3474 1108 3549 Chloesspiiplz
1127 3477 1491 3549 primaexoortioaexoro·

285 3555 367 3621 farris
386 3552 489 3605 leviora
509 3552 539 3601 et
554 3554 686 3616 Perprime
705 3552 807 3602 Graiis.
827 3576 859 3587 -
910 3550 1017 3605 scentia
1032 3548 1108 3605 solia.
1119 3554 1375 3621 -moaretrapa'um
1388 3552 1489 3622 penus]

289 3620 394 3692 Graiis]
416 3619 451 3674 da
470 3619 584 3674 Graecis
603 3618 733 3687 antiquis,
753 3619 860 3689 praeol-
911 3621 986 3690 quod
1013 3638 1062 3676 suu
1093 3620 1227 3676 servitute
1261 3620 1490 3677 contaminatum

308 3708 343 3745 ue
362 3690 475 3746 heroioa
492 3692 593 3752 astate
610 3693 643 3741 ut
660 3688 751 3759 Epod„
766 3694 807 3754 10.
819 3694 859 3745 12.
911 3692 1008 3757 sensit,
1027 3709 1084 3746 non
1103 3692 1177 3761 quod
1188 3692 1283 3747 amisit
1308 3692 1379 3746 Nam
1391 3710 1490 3765 genus

287 3710 858 3830 hvid.Met.x111,21e.241.Gornnsp.
910 3764 1041 3817 amittere
1059 3764 1122 3833 quis
1141 3764 1258 3832 potest?
1285 3794 1312 3805 -
1345 3766 1490 3836 dilectam]

288 3831 408 3890 Hannib.
421 3836 452 3902 33
471 3830 537 3887 inde
555 3832 609 3887 hoo
627 3831 739 3886 nomine
757 3833 860 3902 saepis·
911 3834 955 3889 ste
984 3852 1079 3889 omues
1106 3832 1192 3889 codd.
1218 3834 1382 3905 nusquitan
1412 3834 1490 3891 dicit

288 3907 356 3961 sime
380 3920 446 3957 usus
464 3907 508 3958 est
527 3902 663 3973 Virgilius
681 3901 710 3957 in
729 3904 860 3959 Aeneide.
910 3910 1004 3961 autem
1022 3906 1087 3974 hoo;
1113 3905 1194 3961 oredo
1213 3906 1298 3971 illam,
1318 3922 1400 3975 quam
1418 3908 1492 3961 ada-

288 3975 397 4032 Deinde
426 3978 505 4029 Grati
538 3975 716 4044 appellantur
748 3976 859 4044 postiae
910 3976 1075 4043 martinon
1093 3994 1152 4033 esse
1162 3976 1325 4035 desoelesto
1336 3976 1429 4048 plebe.
1454 3978 1493 4033 Iu

288 4048 409 4112 nomine,
432 4063 497 4101 oum
514 4047 629 4115 antiqua
646 4062 743 4099 eorum
761 4047 860 4110 virtus,
911 4048 972 4103 aliis
983 4048 1061 4104 MSS.
1071 4050 1208 4105 dotatam.
1222 4079 1249 4089 -
1263 4049 1377 4119 tatspsrl
1387 4066 1493 4105 more

289 4117 437 4183 nobilitas,
467 4116 562 4186 poesis
609 4116 800 4179 raedioantnr,
829 4122 861 4173 ut
911 4137 967 4175 nou
984 4123 1092 4189 eaptus,
1113 4119 1191 4175 ouius
1209 4120 1342 4175 iudieium
1362 4137 1420 4175 non
1441 4128 1494 4176 est

289 4190 380 4245 Carm.
402 4188 436 4251 ll,
458 4191 498 4254 16,
517 4190 558 4243 38.
587 4135 635 4252 lv,
654 4190 680 4252 8,
701 4192 726 4243 4.
769 4187 859 4259 Epist.
911 4194 1188 4261 amoreoorruptunn
1204 4190 1492 4257 ol.Garru.111,l,22.

909 3411 1003 3463 autem
1022 3400 1148 3479 (φύλλον)
1167 3406 1242 3462 idem
1254 3403 1393 3478 signifieat
1405 3408 1488 3477 quod

289 4260 324 4326 II,
345 4265 369 4323 1,
392 4262 435 4315 19.
465 4260 498 4313 A.
509 4258 540 4313 P.
551 4262 611 4315 323.
640 4258 672 4311 In
688 4259 784 4331 lyricis
802 4278 860 4315 our·
912 4290 942 4301 -
964 4268 1026 4333 fuya
1047 4268 1183 4334 suspicari
1215 4262 1278 4318 vide
1297 4262 1333 4317 ud
1351 4262 1444 4318 Curru.
1466 4264 1492 4327 Ι,

288 4332 408 4387 minibus
427 4330 548 4385 alterum
566 4348 668 4385 nomen
687 4336 786 4387 Graeci
805 4347 861 4386 non
912 4338 936 4400 1,
948 4336 973 4387 8.
993 4363 1021 4373 -·
1040 4336 1184 4406 trepidauit
1219 4333 1493 4399 otr.adIV,11,11.

288 4402 437 4473 reperitur,
472 4402 527 4456 uisi
555 4401 628 4469 quod
655 4400 710 4456 adi.
741 4406 859 4457 Graecus
1096 4445 1116 4498 c
1259 4444 1284 4501 v

289 4472 581 4539 arcemanus.
620 4472 793 4539 manu.
827 4503 860 4513 -
1122 4462 1241 4501 armon
1285 4487 1292 4501 ·

288 4542 605 4611 neumasensium.
629 4543 750 4599 Inolinat
766 4544 803 4599 ad
823 4544 861 4599 af·
946 4540 981 4597 ue
1000 4540 1091 4623 ipsum
1110 4544 1272 4599 oousolatur
1289 4542 1325 4599 da
1347 4542 1419 4597 dura
1439 4560 1493 4598 ιι·-

288 4612 613 4683 hrmationem.-toau]
623 4612 770 4670 divites-
783 4618 860 4685 Ptpl-
911 4616 1040 4683 rogantia
1072 4612 1184 4685 puellas
1212 4614 1343 4671 ardenter
1371 4618 1494 4673 muas
