3125 5225
287 278 350 345 su
429 220 436 236 ι
752 276 1022 349 SATIRARUM

336 466 457 541 Terra
481 467 570 542 tulit
594 494 719 568 neque
745 468 830 568 quis
856 495 918 544 me
941 468 991 543 sit
1015 468 1230 545 devinctior
1254 468 1359 544 alter.

337 590 371 667 Ο
400 591 469 687 qui
495 592 715 691 complexus
742 606 779 669 et
802 592 944 694 gaudie
970 606 1114 692 quanta
1133 593 1306 669 fuerunt!

336 716 400 791 Nil
426 742 499 813 ego
525 717 753 793 contulerim
777 719 948 795 iucundo
967 746 1088 795 sanus
1114 717 1250 793 emico.

286 872 311 911 s
337 841 516 917 Proxima
532 842 739 938 'Campano
763 844 873 941 ponti
901 868 1000 941 quse
1026 842 1160 919 villula
1183 852 1326 917 tectum

337 966 529 1062 Praebuit,
557 978 596 1041 et
616 966 775 1063 perochi
802 992 901 1065 queo
928 966 1071 1043 debent
1094 966 1201 1065 ligna
1226 965 1431 1065 salemque.

337 1086 440 1164 Hinc
464 1089 562 1164 muli
587 1091 743 1193 Capuae
769 1090 930 1167 clitellas
954 1104 1126 1190 tempore
1151 1102 1311 1188 ponunt.

209 1298 217 1313 ι
336 1213 483 1289 Lusum
507 1216 540 1290 it
562 1216 775 1321 Moesias,
804 1215 1012 1291 dormitum
1038 1240 1111 1313 ego
1137 1213 1423 1313 Virgiliusqu03¹

337 1338 514 1437 Namque
539 1338 622 1435 pila
645 1337 763 1438 lippis
788 1338 986 1415 inimicum
1012 1350 1049 1414 ct
1072 1337 1207 1415 ludere
1233 1335 1373 1413 crudis.

287 1492 313 1533 so
340 1461 444 1536 Hinc
470 1488 539 1537 nos
566 1462 719 1539 Cocceii
746 1461 884 1559 recipit
909 1460 1129 1561 plenissima
1155 1460 1258 1557 villa,

339 1586 448 1679 Quae
472 1612 589 1684 super
613 1596 669 1661 est
695 1586 822 1666 Caudi
852 1612 1055 1685 cauponas.
1095 1586 1206 1663 Nunc
1231 1586 1327 1663 mihi
1352 1587 1478 1685 paucis

338 1708 529 1786 Sarmenti
554 1736 707 1787 scurrae
728 1736 899 1809 pugnam
925 1712 1118 1811 Messique
1146 1712 1322 1808 Cicirrhi‚

339 1835 460 1930 Musa,
489 1836 607 1910 velim
633 1862 834 1932 memores,
863 1848 899 1911 et
926 1862 1002 1935 quo
1030 1848 1138 1933 petre
1163 1848 1273 1911 nattis
1299 1848 1459 1937 uterque

340 1958 558 2037 Contulerit
580 1959 679 2037 lites.
730 1962 846 2037 Messi
874 1960 1020 2035 clerum
1046 1984 1167 2057 genus
1191 1958 1302 2056 Osci3

288 2114 314 2155 ss
339 2082 530 2160 Sarmenti
556 2084 714 2162 domina
738 2100 876 2163 exstat:
903 2086 952 2161 ab
978 2084 1035 2161 his
1060 2085 1268 2161 maioribus
1298 2087 1375 2161 orti
1416 2162 1421 2169 ,

342 2207 406 2282 Ad
432 2234 603 2309 pugnam
628 2236 778 2287 venere.
830 2212 941 2285 Prior
967 2210 1206 2287 Sarmentus:
1232 2211 1334 2309 Equi
1361 2222 1397 2285 te

340 2334 433 2408 Esse
460 2334 534 2409 ieri
561 2334 725 2409 similem
752 2334 852 2409 dico.
902 2334 1094 2429 Ridcmus‚
1125 2334 1266 2431 etipse
1335 2396 1338 2401 .

293 2489 408 2570 Vaqscls'
425 2486 483 2541 sire
502 2488 626 2558 Bapsrcls'.
672 2486 740 2541 Fuit
767 2490 863 2542 cutem
913 2492 1011 2543 Ousire
1031 2490 1130 2542 Assera
1159 2502 1217 2542 non
1262 2486 1342 2541 rooul
1368 2489 1480 2541 everto

288 2560 419 2615 ultimum
437 2558 573 2630 oppidum
590 2558 666 2614 Latii
682 2558 711 2614 in
729 2558 831 2630 Appio.
914 2560 1017 2616 cauda.
1038 2586 1069 2599 -
1089 2561 1247 2630 plenissima
1280 2556 1480 2622 earm.11,1s,

323 2630 412 2686 Ub-
449 2630 694 2702 CompesclPone
710 2631 862 2701 impositus
912 2633 956 2686 24.
984 2629 1203 2698 1V‚12‚24.-
1241 2635 1317 2684 lt'onc
1337 2633 1401 2684 mitt
1417 2649 1481 2699 pau·

288 2702 382 2769 (hodie
416 2705 519 2757 Helm
555 2707 676 2774 Comus·
708 2703 863 2757 secundum
912 2703 962 2773 cis]
982 2701 1185 2771 loccssepices
1195 2697 1345 2772 dignitstis
1357 2700 1479 2756 imitstio.

287 2773 524 2844 welckenerium)
549 2773 652 2828 Sereni
680 2773 790 2828 flumini
812 2773 861 2829 111.
913 2773 967 2842 Qui
983 2772 1128 2828 fastidiose
1146 2772 1220 2828 bunc
1238 2773 1333 2828 locum
1349 2773 1482 2841 vitupere-

286 2845 325 2899 Μ.
344 2845 376 2899 P.
395 2862 414 2898 e
428 2843 568 2899 Sinuesse.
602 2845 682 2898 Inter
700 2849 815 2914 pontem
833 2849 863 2900 et
911 2848 987 2911 runt,
1005 2861 1096 2913 neque
1114 2843 1183 2913 quid
1198 2843 1342 2900 Romanus
1364 2861 1423 2900 mor
1440 2847 1480 2897 tn·

290 2917 415 2988 Cepnem
431 2915 527 2986 plores
545 2915 673 2985 villulam
692 2915 723 2970 in
733 2917 863 2987 proxime
911 2916 978 2971 lerit
996 2931 1087 2986 neque
1105 2916 1214 2985 qualem
1232 2914 1352 2970 Romani
1369 2914 1478 2970 rustice·

288 2989 502 3059 pernoctcrunt
532 2986 627 3058 Gepue
643 3005 661 3040 c
678 2993 764 3057 ponte
784 2988 862 3042 Cem·
908 2989 1018 3043 tionem
1042 2985 1194 3042 hebuerint
1220 2985 1291 3042 estis
1326 2985 1480 3044 considere·

308 3075 362 3114 eno
385 3057 511 3112 distabat
535 3057 622 3113 XXII.
640 3058 680 3112 M.
699 3057 741 3126 Ρ.,
765 3077 862 3114 secun·
911 3063 985 3114 runt
1007 3058 1062 3113 cro
1081 3058 1117 3112 de
1134 3063 1205 3112 oret.
1224 3057 1260 3121 11,
1273 3061 1306 3113 6:
1329 3058 1431 3126 »Saepe
1448 3073 1481 3110 ss

287 3077 356 3185 inm
382 3128 610 3184 Wslckenerinm
640 3128 727 3185 XVII.
757 3131 797 3186 Μ.
830 3130 861 3185 P.
912 3147 974 3185 meo
1001 3145 1098 3185 socero
1125 3128 1226 3194 audivi,
1254 3146 1320 3184 oum
1338 3129 1363 3184 is
1379 3128 1481 3184 diceret

287 3201 377 3256 Vetus
400 3204 493 3256 entem
509 3204 607 3272 capua
636 3202 692 3256 site
717 3205 789 3266 eret,
813 3202 862 3257 ubi
911 3217 1041 3257 socerum
1056 3217 1136 3256 soum
1152 3199 1278 3256 Lesbum
1296 3217 1405 3270 semper
1427 3199 1481 3254 lere

286 3289 361 3328 nunc
384 3277 430 3327 eet
446 3270 525 3326 ricus
543 3277 631 3327 sante
650 3277 742 3327 llario
761 3276 790 3326 ds·
809 3277 862 3330 Ca·
911 3290 974 3328 cum
991 3271 1121 3342 Scipione
1143 3271 1258 3326 solitum
1274 3270 1407 3328 rusticari
1425 3287 1480 3324 cos·

287 3363 348 3415 pcc,
368 3343 417 3413 qni
425 3342 520 3398 niis.
531 3343 564 3397 P.
575 3343 665 3398 distet
681 3344 717 3400 cb
735 3359 769 3398 eo
788 3345 860 3410 loco,
911 3361 965 3414 que
982 3341 1186 3400 incredibiliter
1203 3359 1403 3413 repuerascere
1426 3356 1482 3396 esse

288 3431 344 3486 quo
361 3429 437 3470 nunc
453 3414 690 3485 urbecepuesitc
706 3418 778 3480 eret,
794 3415 861 3470 olim
910 3415 1077 3470 solitosc-
1088 3413 1235 3482 Sumeret]
1242 3413 1405 3470 Sarmentus
1412 3412 1481 3468 lise·

287 3491 450 3542 Gmits'm.
476 3513 512 3526 -
538 3489 663 3557 porceti]
684 3485 756 3541 sune
773 3487 862 3542 homi·
911 3487 1017 3544 conctis
1027 3486 1139 3540 videtur
1148 3483 1235 3540 luisse
1244 3502 1351 3550 sorim,
1367 3483 1481 3540 Messius

287 3573 336 3612 nee
361 3557 462 3626 quibus
488 3557 632 3626 publicum
663 3575 765 3612 munus
800 3563 862 3613 eret
911 3559 1035 3627 Oooceii3
1062 3557 1109 3610 hic
1138 3557 1275 3621 robusto,
1309 3558 1358 3612 ille
1386 3553 1479 3626 grecili

285 3628 371 3700 ligne,
395 3627 522 3691 foenum,
552 3632 646 3697 selem,
671 3632 779 3684 tectum
807 3629 862 3684 iter
910 3647 1036 3700 corpore.
1055 3627 1199 3682 Cicirrius
1216 3627 1368 3690 ridiculum
1377 3643 1478 3694 nomen,

286 3699 458 3769 reipublicee
485 3715 570 3753 ceuse
590 3700 758 3756 incientibus
781 3717 861 3770 pree·
911 3704 1040 3774 κίκιῤῥος,
1064 3693 1222 3770 ἀλεκτρυών.
1252 3727 1287 3742 --
1315 3703 1421 3754 domina
1439 3717 1480 3752 ec·

287 3773 365 3826 berc.
383 3800 419 3810 -
446 3770 541 3842 lippis]
560 3771 655 3827 Celeus
674 3771 723 3835 vl,
740 3774 758 3826 6
775 3772 861 3842 lippis
914 3773 981 3842 rtet]
1000 3772 1092 3827 fueret
1110 3787 1206 3825 servus
1227 3770 1395 3826 M.Feronii
1411 3769 1479 3824 inter

306 3843 411 3897 uictem
435 3847 465 3896 et
490 3843 689 3898 abstinentiam
722 3857 862 3898 commcn-
911 3844 1084 3914 proscriptos
1113 3841 1215 3911 cccisi;
1240 3843 1318 3898 coins
1349 3843 1479 3898 bonorum

323 3917 346 3976 t,
362 3914 466 3969 crudos
482 3913 562 3968 iubet
588 3932 694 3984 »neque
713 3912 806 3969 lebori
830 3933 861 3970 se
911 3915 1000 3970 sectio
1019 3931 1082 3970 cnm
1096 3913 1134 3968 ed
1143 3913 1336 3970 Maecenatem
1354 3911 1478 3972 nuent

285 4001 377 4054 neque
401 3983 599 4040 exercitationi
627 4003 717 4056 neque
738 3987 861 4056 negotio
911 3985 1073 4040 Sementus
1107 3985 1293 4040 menumiesus
1327 3989 1358 4040 ct
1392 3981 1478 4038 scribe

174 4050 178 4065 '
286 4055 427 4113 credere«
450 4086 483 4096 -
504 4057 607 4127 crode]
626 4059 674 4127 qui
691 4056 770 4112 cibos
789 4057 862 4112 disfi-
910 4057 1001 4112 lectus
1019 4062 1070 4112 est.
1110 4056 1192 4125 Quod
1216 4057 1375 4112 cumbere
1399 4051 1478 4134 sciret

288 4129 380 4184 culter
411 4127 561 4198 digererem
593 4132 685 4183 erede
719 4128 861 4186 indicetur
910 4129 1038 4193 Messius,
1065 4127 1178 4184 simulet
1203 4131 1297 4184 tmen
1321 4144 1352 4182 re
1379 4139 1478 4180 necere

286 4199 431 4270 Virgilius,
450 4203 534 4270 lippis
543 4198 685 4254 Horstins.
708 4229 742 4240 -·
760 4199 860 4272 cause]
911 4217 937 4256 v.
956 4202 991 4254 65
1001 4217 1050 4326 :3
1105 4199 1187 4270 Fuge
1221 4199 1307 4254 etiem
1345 4192 1477 4253 Sarmenti

288 4271 423 4326 Gordium
447 4270 477 4323 in
498 4269 625 4340 Hirpinis
642 4269 717 4324 XXI.
734 4271 772 4325 M.
788 4272 819 4327 P.
844 4288 862 4326 s
911 4271 978 4326 ficte
1023 4271 1028 4282 '
1052 4274 1115 4325 etur
1143 4271 1174 4325 in
1207 4269 1412 4326 contumelism.
1444 4293 1476 4306 ···

289 4343 391 4414 cepas.
415 4341 526 4397 Cocceii
541 4342 609 4396 ville
626 4341 681 4396 sits
694 4341 750 4396 fuit
765 4360 862 4398 secun·
913 4348 973 4426 equs·
982 4341 1047 4412 [ert]
1059 4341 1171 4397 Plinfl.
1179 4342 1213 4397 N.
1223 4341 1336 4407 v111‚21
1347 4339 1477 4410 :mper-

289 4412 357 4468 (lum
374 4411 525 4478 F.Dsniel,
543 4413 678 4468 ubinunc
694 4418 738 4468 eet
752 4417 862 4469 lancr-
912 4431 1012 4468 nmem
1036 4416 1129 4468 summ
1160 4412 1248 4468 ierem
1283 4423 1476 4476 merum,

289 4490 366 4539 serta
388 4485 458 4539 &us
481 4487 605 4552 Relicto,
630 4484 784 4540 secondum
807 4485 862 4541 Ro·
913 4485 1022 4555 reliquo
1046 4500 1166 4556 corpore
1190 4501 1262 4555 equo
1281 4483 1406 4550 similem
1434 4495 1477 4536 cs·

289 4553 459 4620 mansilium,
488 4555 538 4610 ubi
558 4561 604 4610 est
626 4560 717 4612 um·
739 4560 863 4622 swelle,
913 4557 973 4627 pite
991 4573 1084 4622 cerro.
1101 4549 1477 4634 pedibcselcphmtqcsuis

291 4625 444 4680 mundum
468 4625 709 4697 Welckemrium,
741 4627 791 4683 nbi
818 4633 864 4684 est
913 4645 992 4700 epto,
1020 4627 1132 4700 mugitu·
1146 4627 1237 4700 peri
1261 4645 1317 4686 unc
1338 4639 1476 4684 cornum·
