3125 5225
287 256 350 320 ne
464 287 466 294 ·
606 216 610 225 '
725 245 1073 320 norerouanou·

337 440 463 533 Quem
488 467 556 518 oua
583 441 697 544 eulpa
722 451 881 540 premet,
911 440 1093 539 deeeptue
1121 439 1255 518 omitte
1281 444 1394 537 tueri,

287 597 313 636 ιο
335 567 384 644 Ut
404 568 556 666 penitue
582 580 713 642 notum
738 567 770 640 ei
797 578 942 641 tentent
969 565 1139 662 erimine,
1164 589 1291 641 eerveo

336 691 564 788 Tuterieque
589 703 654 764 tuo
679 687 862 764 fidentem
889 687 1103 784 praesidio:
1131 688 1199 787 qui

335 815 458 890 Dente
482 814 681 890 Theonino
708 837 795 887 oum
821 811 1127 906 oiroumroditur,
1154 813 1307 912 ecquid-

336 937 401 1014 Ad
428 950 465 1013 te
490 949 576 1038 poet
600 935 717 1035 paulo
743 949 906 1012 ventura
926 936 1098 1035 perieula
1120 938 1259 1014 sentio?

335 1061 433 1136 Nam
460 1075 525 1136 tua
550 1085 611 1137 ree
636 1061 773 1160 agitur,
799 1059 927 1157 paries
951 1085 1038 1135 oum
1064 1061 1262 1158 proximus
1287 1063 1410 1158 ardet,

286 1218 310 1256 ιι
334 1186 382 1260 Et
405 1185 581 1284 neglecte
606 1183 730 1260 solent
754 1183 933 1260 incendia
958 1209 1108 1262 sumere
1136 1186 1251 1262 vires.

336 1308 468 1384 Dulois
495 1309 698 1407 inexpertis
726 1309 876 1384 oultura
900 1309 1066 1406 potentia
1088 1311 1220 1404 amici3

336 1435 522 1533 Expertus
550 1434 696 1508 metuit.
748 1433 818 1526 Tu,
847 1432 940 1509 dum
966 1446 1031 1507 tua
1057 1433 1164 1508 navia
1189 1434 1229 1508 in
1254 1433 1339 1510 alto·
1358 1446 1427 1530 eet,

336 1559 423 1634 Hoo
447 1581 523 1658 ege
546 1584 594 1634 ne
620 1569 765 1632 mutata
789 1569 1000 1632 retrorsum
1024 1569 1063 1634 te
1087 1557 1186 1636 feret
1208 1583 1313 1634 aura

336 1683 513 1761 Oderunt
539 1682 698 1758 hilarem
724 1683 849 1757 triotoe
873 1681 1100 1780 tristemque
1124 1683 1254 1777 iooqei,

289 1785 323 1878 ai
340 1807 523 1884 Sedatum
551 1805 707 1900 oelaree,
733 1805 876 1906 agilem
902 1831 1123 1905 navumque
1147 1806 1318 1884 remieei:

336 1933 494 2006 Potores
521 1929 643 2004 bibuli
665 1928 795 2004 media
820 1927 870 2004 de
895 1941 1007 2004 noete
1031 1928 1186 2005 Falerni

336 2054 512 2132 Oderunt
534 2065 713 2151 porrecte
735 2064 939 2148 negantem
966 2052 1117 2150 poeula,
1146 2055 1320 2153 quamvis

285 2243 479 2308 incommodae]
496 2256 605 2294 morem
622 2256 679 2294 non
695 2256 805 2309 gerene.
825 2240 862 2294 of.
914 2268 944 2279 -
954 2243 1042 2295 dulcia
1056 2241 1217 2312 inexpertis]
1230 2241 1346 2298 Cultura
1356 2243 1485 2312 potentie

287 2309 463 2378 camme,
475 2315 498 2368 1.
508 2310 560 2380 Ep.
568 2310 603 2375 11,
614 2314 707 2376 1127.
717 2311 861 2370 Α.Ρ.2ᾰ7.
911 2311 994 2366 amiel
1010 2327 1076 2366 oum
1091 2311 1156 2368 inex
1177 2313 1246 2367 ertia
1256 2312 1368 2382 quidem
1381 2313 1483 2374 duleis,

287 2412 318 2422 -
330 2383 472 2453 quondan]
489 2380 553 2436 vide
563 2381 599 2435 ed
609 2381 706 2466 Canu²
716 2381 749 2445 ll,
763 2385 803 2446 10,
818 2385 859 2435 18.
911 2383 1036 2452 expertia
1054 2330 1213 2452 pericullee
1229 2387 1260 2438 et
1278 2385 1373 2456 grevia
1390 2384 1484 2440 videe-

286 2452 626 2523 Dereet'.‘l⁷beogn.968:
640 2449 861 2520 »Mnnor'tnm-
910 2458 966 2518 tur,
993 2452 1148 2508 uerendum
1174 2460 1225 2519 eet,
1260 2473 1295 2510 ne
1321 2472 1397 2524 quae
1422 2455 1483 2525 quia

286 2519 369 2597 νὴσῃς
387 2528 453 2596 πρὶν
471 2517 506 2578 ἂν
524 2525 597 2598 εἰδῇς
614 2519 702 2595 ἄνδρα
722 2526 861 2596 σαφηνῶς.
910 2525 999 2579 multo
1017 2541 1081 2580 oum
1098 2525 1195 2580 labore
1215 2530 1360 2582 ueeeoutne
1384 2527 1424 2580 eit
1441 2543 1485 2579 eu·

284 2591 382 2667 Ὀργὴν
406 2600 452 2650 καὶ
471 2593 584 2669 ῥυθμὸν
600 2599 647 2649 ael
664 2587 769 2668 τρόπον
787 2591 862 2656 teuc
909 2596 971 2653 bito
988 2595 1106 2652 mutatio
1123 2599 1208 2653 rebue
1228 2597 1337 2669 perdet.
1369 2595 1413 2652 Et
1430 2597 1483 2651 nti·

284 2658 371 2740 eiuq's
393 2698 427 2708 -
447 2688 522 2739 quem
541 2689 592 2723 aaa
610 2667 703 2740 calpe]
735 2667 780 2723 »ei
798 2668 862 2737 quie
909 2672 957 2723 tur
975 2668 1090 2737 quidam
1109 2673 1195 2738 poete
1212 2668 1334 2740 imagine
1350 2670 1390 2725 ab
1408 2668 1483 2724 nevi·

286 2738 397 2808 potenti
409 2736 498 2793 amieo
507 2742 637 2793 anteate
651 2736 860 2793 commendatue
910 2738 1024 2810 gatione
1041 2738 1146 2810 petite3
1173 2740 1240 2795 inde
1265 2739 1351 2795 etiam
1379 2752 1483 2795 reom-

285 2810 435 2865 oommieeo
447 2809 550 2865 eoelera
560 2810 793 2873 eemeouleverit,
801 2808 861 2864 noli
909 2830 967 2867 ιιιιιι
976 2817 1049 2879 [eret
1063 2831 1141 2866 mu.
1162 2808 1365 2895 Adiunguntur
1381 2809 1483 2865 deinde

286 2895 349 2934 eum
360 2880 512 2935 defendere
524 2898 555 2935 eo
568 2880 671 2951 tuteri;
684 2880 861 2951 quemadmo·
909 2885 1060 2952 praecepte
1083 2880 1118 2937 de
1146 2882 1338 2937 ooneervendo
1365 2898 1482 2953 meguo-

285 2950 352 3006 dum
372 2952 395 3006 ei
413 2952 522 3021 probae
543 2956 585 3007 eet
604 2956 637 3006 et
650 2950 737 3006 taleae
750 2956 859 3007 tentam
910 2969 971 3007 rom
989 2952 1133 3007 bominum
1150 2954 1253 3011 favore.
1267 2966 1424 3023 -potorea
1442 2956 1479 3007 te·-

285 3024 348 3077 eu'm
367 3022 578 3079 criminationes
605 3028 711 3079 utente
722 3040 860 3079 commen·
910 3028 966 3079 tuli
997 3024 1130 3079 Horatiae
1150 3025 1211 3095 ipae
1227 3023 1479 3080 honoveraienlum

284 3091 359 3149 detti
378 3091 419 3148 ite
436 3096 554 3166 pergere
572 3063 657 3149 deber
669 3107 783 3149 servare
797 3111 859 3148 eum
908 3111 944 3148 ex
995 3096 1062 3165 piet.
1076 3094 1098 3161 1,
1118 3098 1159 3160 14,
1179 3098 1214 3151 34
1239 3094 1334 3166 lepide
1359 3094 1479 3165 quedem

287 3180 320 3219 ao
340 3166 453 3221 tutari«
476 3168 506 3220 lb
526 3168 598 3235 pert.
617 3181 673 3220 non
692 3168 736 3220 eet
754 3164 859 3220 based
899 3166 1035 3236 nepueu
1068 3167 1217 3221 maximam
1267 3171 1359 3221 artem
1388 3172 1494 3237 trenag

284 3230 396 3306 ὥσπερς
414 3236 633 3291 inooniunotivo
648 3256 736 3291 aee-oea
749 3242 860 3291 tuteris·
907 3238 1059 3307 enmpeieee
1081 3237 1205 3293 videtur:
1262 3238 1338 3293 iiut
1364 3236 1479 3307 Haupt,

285 3326 333 3379 que
351 3322 408 3362 non
427 3311 470 3361 eat
496 3306 678 3362 haerendum:
714 3310 759 3361 eet
784 3307 858 3361 enirn
907 3308 1036 3372 Monet„
1065 3308 1178 3363 Linker.
1203 3326 1266 3364 oum
1287 3327 1312 3363 v.
1330 3310 1366 3364 91
1384 3308 1415 3363 in
1433 3324 1478 3363 eo·

283 3378 392 3501 positu·
402 3394 454 3449 pro
465 3376 639 3449 imperativo.
656 3378 703 3433 Sie
712 3378 768 3433 iam
778 3378 858 3433 ecbo-
907 3378 1016 3435 dioibue
1028 3396 1084 3434 nou
1096 3381 1194 3450 pauoie
1209 3396 1267 3436 non
1281 3380 1403 3450 legetur,
1416 3396 1480 3449 eop-

295 3448 383 3503 iaatae
412 3448 610 3520 intelligebant
634 3450 741 3518 looum3
769 3451 857 3504 Aoro:
906 3450 1037 3519 positioie
1054 3451 1212 3507 babuerunt
1230 3454 1317 3506 verbe
1333 3454 1419 3506 tituta·
1432 3490 1438 3505 .
1453 3489 1476 3503 ..

285 3518 420 3575 »defende
431 3537 464 3575 ao
477 3526 581 3587 tuere«
596 3520 748 3575 Comment.
758 3520 857 3590 Oraq:
908 3525 1018 3576 uenat
1035 3526 1064 3577 et
1080 3524 1407 3578 eoniunxeruntruom
1417 3542 1479 3592 por·

286 3595 334 3645 »ut
353 3592 466 3659 penitus
486 3592 596 3661 notum]
615 3592 676 3647 be.
696 3609 753 3647 nou
771 3591 857 3645 debee
906 3605 990 3646 rectu
1011 3592 1210 3649 Doederliniue
1227 3592 1283 3648 illie
1297 3592 1410 3663 quidem
1421 3608 1478 3645 non

284 3660 406 3731 aliquem
423 3662 477 3717 tibi
492 3662 622 3733 ignotum
638 3664 771 3725 itamari,
784 3664 859 3718 eiuut
906 3662 1103 3733 adstipuletur,
1129 3666 1179 3720 aed
1203 3666 1365 3721 nee-ot
1386 3666 1478 3717 trane·

284 3732 404 3787 amioum
421 3732 475 3789 tibi
495 3736 524 3788 et
543 3732 734 3799 familiarem«
754 3734 801 3805 qui
816 3736 858 3788 ta·
905 3734 1051 3803 ponendoe
1070 3741 1167 3791 eeueet
1189 3742 1256 3806 poet
1280 3754 1307 3791 v.
1321 3736 1365 3791 bb.
1410 3734 1476 3788 Sen-

283 3818 347 3859 men
365 3803 435 3859 haee
452 3804 538 3859 verba
556 3821 613 3860 non
631 3810 709 3861 reete
728 3822 792 3860 oum
822 3804 857 3859 iia
905 3806 997 3861 tentia
1016 3807 1086 3861 aetia
1102 3807 1187 3878 plena
1201 3812 1258 3863 eet:
1280 3809 1419 3878 »potorea
1431 3805 1478 3875 qui

281 3875 426 3937 eoniumit
436 3892 507 3946 queo
516 3876 696 3946 praecedunt.
718 3876 810 3931 Bentl.
822 3891 858 3930 ex
905 3876 999 3932 medie
1016 3878 1101 3932 etiem
1119 3883 1202 3934 noete
1212 3878 1361 3934 Falernum
1377 3876 1477 3931 bibere

282 3947 445 4003 eonieotura
470 3952 505 4001 Αι
523 3952 638 4021 penitae.
659 3976 692 3987 -
714 3947 855 4019 Yteietau]
906 3948 1005 4013 uolent,
1032 3949 1155 4005 oderunt
1178 3949 1329 4006 abutemioe
1370 3947 1400 4001 ui
1417 3952 1477 4002 tum

286 4018 456 4075 »Luthienna
466 4017 572 4087 Theon,
581 4018 740 4087 libertinus,
754 4017 856 4073 dinaei·
905 4022 1037 4090 poi-reeta
1054 4023 1156 4091 meula
1172 4025 1329 4078 moueant«
1388 4018 1477 4073 elemi

282 4092 349 4145 tatie
361 4089 547 4146 amaritudine
557 4096 670 4161 praeter
689 4086 801 4146 oeteroa
814 4090 856 4144 ite
905 4092 992 4163 genit.
1012 4092 1117 4162 pendet
1134 4110 1169 4148 ex
1186 4092 1242 4149 edi.
1261 4094 1358 4160 utenti,
1385 4104 1476 4214 ueqqe

281 4166 433 4232 patronum
443 4180 523 4217 enum
533 4162 760 4233 exasperavit,ut
771 4160 854 4224 domo
905 4169 1000 4217 tamen
1017 4164 1123 4219 elienue
1142 4168 1186 4219 eet
1202 4182 1221 4218 a
1237 4166 1351 4236 pecatis.
1370 4160 1432 4217 Hor
1466 4190 1476 4201 ·

282 4233 342 4288 eiua
356 4238 579 4289 summoveretur
590 4240 620 4289 et
632 4230 813 4305 quaternario
824 4234 854 4304 (i
904 4232 959 4289 line
970 4233 1027 4289 leni
1037 4235 1194 4290 mutatione
1203 4250 1274 4305 opue
1282 4248 1345 4289 aeae
1353 4232 1475 4302 putavit:

282 4321 305 4360 e.
313 4304 477 4377 quadrante)
489 4306 583 4377 legato
594 4304 741 4361 iuberetur
749 4308 856 4359 reatem
905 4310 1020 4375 poterae
1037 4310 1130 4370 valeti,
1147 4312 1180 4361 ut
1191 4306 1291 4362 Getull.
1304 4306 1348 4369 at,
1361 4308 1388 4357 1:
1410 4302 1475 4357 »tti-

282 4374 335 4429 eibi
353 4376 503 4461 polumque
515 4392 632 4432 emeres
653 4374 758 4432 Corum.
770 4374 854 4444 cruq.
905 4376 996 4431 nieter
1006 4375 1094 4432 vetuli
1105 4393 1178 4447 puer
1190 4375 1304 4433 Falerni
1313 4394 1336 4443 3«
1355 4371 1474 4430 mutio.

282 4444 467 4516 Sueptoantur
485 4451 650 4521 corruptum
668 4464 729 4503 eeee
747 4463 851 4501 nornen
902 4447 1008 4516 Xl,26:
1031 4447 1130 4502 »Baria
1144 4447 1271 4504 danobie
1282 4447 1475 4519 retnlqpuer.

285 4518 417 4573 bullient.
454 4518 583 4575 catenum
602 4518 636 4575 ol.
655 4518 713 4575 Set.
727 4518 749 4583 1,
767 4521 794 4583 4,
807 4520 851 4573 81.
903 4516 959 4573 ude
976 4518 1122 4574 Falernos
1143 4518 1268 4575 Meorob.
1287 4518 1399 4574 Saturu.
1414 4516 1474 4583 vn,

281 4584 851 4660 Epist.11,1‚1oouq.1‚14‚ee.1,1e,ee.
905 4593 954 4645 12:
975 4590 1112 4646 »multum
1129 4590 1304 4648 minuendum
1321 4606 1382 4647 aeae
1401 4604 1473 4644 novo
