3125 5225
805 254 998 325 EPODON

498 441 667 517 Intaetus
693 454 758 517 aut
784 441 988 519 Britannus
1010 456 1052 518 ut
1079 442 1331 521 descenderet

599 567 715 643 Sacra
740 580 935 643 catenatus
960 568 1033 664 via,

429 728 431 733 ·
499 691 578 769 Sed
603 703 645 767 ut
670 692 882 769 secundum
908 705 997 769 vota
1018 693 1247 769 Parthorum
1274 672 1343 770 sd'a

456 844 503 891 ιο·
595 816 694 893 Urbs
719 816 815 893 haec
839 818 983 915 periret
1009 817 1176 895 dextera.

495 940 633 1039 Neque
657 940 721 1015 hic
745 942 849 1040 lupis
873 970 956 1017 mos
984 969 1055 1024 nec
1080 945 1154 1019 fuit
1178 944 1355 1021 leonibus

595 1066 772 1163 Unquam
798 1066 872 1141 nisi
895 1066 1088 1165 indispar
1112 1064 1216 1147 foris.

497 1190 670 1265 Furorne
696 1216 831 1265 caecus
858 1218 907 1266 an
932 1194 1033 1289 rapit
1057 1194 1114 1268 vis
1141 1195 1266 1270 acrior

594 1316 657 1391 An
685 1316 827 1415 culpa?
876 1321 1116 1418 Responsum
1143 1320 1248 1396 detei

455 1470 478 1509 n
497 1442 652 1537 Tacent,
681 1453 719 1516 ct
744 1442 854 1519 albus
882 1469 950 1519 ora
976 1443 1102 1545 pallor
1127 1444 1246 1520 inficit

593 1567 820 1667 Montesque
844 1567 1047 1665 perculsae
1070 1580 1235 1665 stupent.

494 1688 557 1767 Sic
584 1702 657 1765 est:
684 1692 825 1767 acerba
847 1692 926 1767 fata
950 1694 1141 1767 Romanos
1166 1705 1285 1791 agunt

595 1814 804 1915 Scelusque
831 1814 1023 1893 fraternae
1049 1817 1165 1911 necis,

493 1942 542 2018 Ut
566 1940 801 2046 immerentis
827 1941 937 2017 fluxit
961 1940 1000 2017 in
1027 1951 1170 2017 terram
1194 1941 1305 2017 Remi

452 2098 479 2138 so
599 2062 716 2141 Sacer
741 2046 946 2163 nepotibus
974 2089 1096 2140 cruor.

300 2260 365 2317 vide
392 2260 428 2315 ad
453 2260 544 2316 Germ.
561 2260 617 2329 111,
634 2264 664 2329 3,
686 2264 728 2315 11.
746 2286 780 2301 ··
807 2260 870 2330 aas]
921 2260 990 2317 culis
1009 2258 1192 2317 similislera:
1211 2260 1323 2331 quando
1338 2260 1415 2317 leoni
1426 2258 1492 2315 For·

300 2332 378 2386 Iusta
404 2332 458 2387 hoc
486 2333 611 2402 positum
635 2332 774 2387 brevitate
803 2349 870 2401 pro:
922 2334 979 2387 tior
997 2333 1102 2402 eripuit
1116 2332 1204 2388 sitam
1221 2332 1287 2387 leo?
1305 2350 1361 2402 quc
1378 2348 1494 2387 nemore

302 2403 523 2473 »quodquidam
546 2422 604 2459 non
627 2407 671 2458 cst
696 2402 809 2468 lactum,
838 2408 872 2457 ut
922 2420 1045 2474 unquam
1074 2403 1238 2475 Exspiravit
1274 2420 1344 2474 aper
1381 2403 1495 2459 maioris

299 2479 370 2530 cet«
381 2505 416 2515 —
429 2476 547 2545 invidae]
566 2475 621 2529 sat
640 2474 700 2529 ost.
709 2478 750 2529 10.
769 2504 804 2515 -
823 2480 871 2529 Sa·
922 2475 1051 2531 dentibus
1069 2476 1151 2547 apri?
1168 2474 1264 2547 indica
1281 2476 1438 2546 tigrisagit
1453 2492 1494 2529 ra·

297 2566 346 2601 era
364 2546 421 2670 sitq
450 2545 514 2600 vide
532 2545 568 2600 sd
585 2546 677 2616 Epod.
695 2548 721 2611 4,
744 2549 770 2600 7.
810 2544 870 2599 »Ex
914 2546 989 2601 ¹bida
1005 2564 1067 2600 oum
1085 2547 1190 2619 tigride
1209 2563 1306 2617 pacem
1314 2546 1495 2618 Perpetuam,

296 2621 382 2688 porta
422 2617 572 2687 riumphali
588 2635 641 2687 per
652 2618 786 2687 Campum
795 2617 870 2672 Mar·
917 2616 1012 2674 'saevis
1030 2620 1105 2674 inter
1122 2637 1151 2674 se
1168 2619 1299 2674 convenit
1317 2619 1418 2674 arsia«
1452 2619 1497 2674 se-

296 2690 377 2758 tium,
395 2687 554 2754 Velabrum,
581 2690 693 2744 Circum
715 2689 870 2744 maximum
920 2706 979 2744 nec.
1000 2689 1081 2759 epist.
1101 2693 1150 2745 95:
1190 2689 1268 2746 »Non
1295 2689 1388 2760 pudet
1411 2689 1497 2745 homi·
1543 2747 1544 2764 ,

296 2766 326 2816 et
349 2777 404 2830 qua
429 2778 505 2815 nuno
528 2764 573 2814 est
595 2777 677 2814 arem
694 2759 870 2817 Constantini
921 2777 979 2826 nes,
997 2761 1282 2831 mitissimumgenns,
1299 2761 1497 2832 gauderesan·
1543 2813 1544 2816 ,

296 2833 346 2902 qui
373 2832 585 2901 triumphabant
613 2831 681 2886 inde
711 2849 764 2902 per
798 2832 871 2886 hanc
960 2831 1007 2887 ine
1025 2833 1163 2888 alterno?
1181 2832 1256 2887 bella
1273 2849 1384 2904 gerere,
1404 2849 1501 2904 geren·

296 2902 870 3043 mentesanae
922 2903 1544 3046 ..interstinctus

272 3046 512 3101 'dimittebantur
530 3046 566 3099 ad
584 3045 731 3100 dexteram
748 3045 778 3099 in
804 3062 869 3115 pro·
921 3045 1032 3114 casas]
1062 3046 1096 3100 cf.
1123 3046 1213 3101 Carni.
1235 3046 1264 3112 Ι,
1285 3049 1332 3112 18,
1354 3049 1399 3102 14.
1420 3099 1425 3108 ,
1446 3047 1502 3102 Sat

296 3118 402 3190 rimam
419 3134 562 3172 carcerem
580 3117 751 3184 Tullianum
770 3117 869 3170 trium·
925 3116 961 3184 ΙΙ,
974 3119 999 3181 8,
1009 3119 1052 3171 44.
1090 3117 1167 3187 Virg.
1185 3117 1375 3183 sentiam.
1414 3117 1500 3172 Bant-

315 3189 415 3243 hantes
433 3207 484 3258 per
506 3189 609 3242 clivum
627 3188 815 3257 Capitolinum
833 3189 869 3242 sd
919 3188 989 3242 leius
1007 3189 1152 3244 extribus
1170 3189 1250 3245 codd
1267 3205 1331 3244 rece
1351 3189 1376 3244 it
1384 3209 1494 3251 meror,

341 3277 405 3315 vam
420 3260 612 3316 ascendebant
623 3259 660 3314 ad
671 3259 865 3330 Capitoliumn
922 3276 986 3314 cum
1022 3277 1110 3329 eoque
1146 3251 1315 3335 llauptius,'
1359 3259 1500 3322 einekins,

296 3336 360 3386 Fac.
377 3331 545 3402 -ssqsaoaJ
564 3331 612 3386 Sic
629 3348 725 3385 omnes
742 3329 868 3400 codices,
919 3329 1067 3396 Linkerus,
1096 3330 1234 3396 Kellerns‚
1260 3349 1315 3386 non
1335 3331 1504 3387 Peerlkam-

296 3402 326 3456 in
352 3419 408 3456 nna
436 3402 551 3472 antiqua
578 3401 702 3457 editione
724 3423 869 3472 namnam,
920 3401 990 3470 pins.
1011 3431 1043 3442 -
1062 3408 1103 3457 eis
1125 3403 1230 3472 aerior]
1257 3400 1351 3457 fatalis
1377 3404 1505 3458 nscessi-

296 3489 330 3527 sx
347 3475 531 3539 surrectione,
558 3474 666 3543 opinor,
694 3489 777 3542 quam
805 3489 868 3544 pro·
917 3477 971 3528 tas.
994 3501 1025 3512 -
1044 3476 1120 3530 altus
1137 3475 1241 3546 pallor]
1266 3473 1354 3544 qualis
1381 3475 1503 3543 conspi-

296 3545 402 3599 barnat
421 3543 571 3609 Bentleius,
597 3545 745 3614 Hauptins,
763 3545 869 3598 Meine·
919 3543 994 3600 citur
1018 3543 1048 3598 in
1076 3560 1126 3600 ore
1148 3545 1253 3601 mortui
1277 3545 1416 3613 hominis;
1445 3561 1504 3615 quo

295 3615 368 3677 kias,
380 3615 524 3670 Linkerns.
543 3616 598 3683 Qui
613 3633 723 3670 mecum
740 3615 868 3670 codicum
919 3615 1032 3684 quidem
1062 3616 1192 3686 proditur
1218 3620 1312 3672 terror
1336 3615 1455 3672 divium
1476 3621 1506 3672 et

295 3688 465 3757 scripturam
475 3691 581 3752 tenent,
601 3686 867 3756 ntRitter.Keltsr.,
919 3687 1094 3742 conscientia
1112 3688 1218 3757 culpae.
1262 3687 1331 3742 inde
1348 3688 1441 3744 etiam
1463 3702 1504 3744 ta·

295 3759 330 3813 iis
344 3757 555 3813 constituendus
568 3759 666 3813 esthie
681 3759 751 3812 ordo
770 3760 869 3814 verbo·
918 3773 987 3822 cest,
1006 3771 1121 3830 stupeat.
1140 3787 1175 3799 -
1199 3762 1240 3828 nt]
1263 3759 1327 3815 vide
1346 3757 1385 3814 ad
1406 3759 1503 3814 Garun

296 3846 373 3885 rum:
390 3829 868 3900 ncnferisunquamnisiindispsr
918 3828 966 3894 IV,
988 3831 1014 3894 4,
1031 3832 1076 3884 42.
1095 3857 1130 3870 --
1156 3851 1234 3886 sacer
1252 3830 1407 3902 sepositae]
1438 3847 1505 3901 per·

295 3902 415 3971 (animal,
435 3907 543 3970 genus).
564 3905 667 3971 Dispar
685 3905 718 3955 ut
736 3902 867 3956 substan·
918 3901 1052 3956 niciosus.
1086 3899 1404 3972 et.virg.sen.·111‚e⁷.
1454 3901 1505 3956 Al·

295 3974 578 4042 tivnmpositumeat.
597 3972 866 4028 Adsententiamci.
919 3973 974 4026 tius
999 3971 1186 4036 calamitates,
1215 3973 1316 4042 quibus
1340 3989 1395 4042 pst·
1425 3973 1506 4030 bella

296 4044 392 4100 quen.
405 4049 445 4111 lb,
458 4047 521 4099 lta:
542 4043 613 4098 »Sed
630 4044 687 4098 ism
704 4050 867 4113 serpentum
918 4043 1012 4098 civilia
1029 4045 1228 4113 premebantur
1246 4043 1372 4108 Romani,
1391 4045 1506 4114 repetit

295 4116 556 4184 maiorcencordia3
569 4115 661 4186 parcit
667 4115 801 4186 Cognatis
811 4133 867 4171 ms·
917 4115 1052 4185 Virgilius
1071 4115 1173 4185 Georg.
1186 4115 1209 4184 1,
1221 4119 1273 4172 601
1285 4133 1325 4186 sq.

850 4340 939 4348 ——w
