3125 5225
469 276 556 348 Lm.
578 281 606 348 Ι.
628 277 772 350 umor.
795 278 896 346 XIII.

131 443 304 545 Abiieito
330 468 458 567 potius
486 495 603 569 quam
630 494 705 570 quo
731 471 906 569 perferre
933 468 1076 544 iuberis

132 593 308 674 Clitellas
332 593 437 672 ferus
462 594 654 694 impingas
680 592 904 693 Asinaeque
927 605 1130 692 paternum
1245 568 1252 586 ’
1293 578 1299 618 ¹

132 718 360 816 cognomen
384 730 509 796 vertas
534 719 575 794 in
600 719 719 797 risum
742 717 941 796 otiabula
963 718 1043 795 fias.

80 877 105 913 ιο
131 843 294 918 Viribus
320 843 435 918 uteris
461 867 532 941 per
561 841 694 936 clives,
720 841 893 937 flumina,
919 841 1057 916 lamas:

130 967 268 1042 Victor
290 967 478 1066 propositi
504 965 617 1042 simul
643 991 688 1048 ae
713 965 936 1065 perveneris
955 965 1061 1061 illuc,

130 1091 195 1170 Sic
220 1091 387 1191 positum
412 1091 580 1168 servabis
608 1117 714 1186 onus,
742 1113 792 1164 ne
818 1091 1015 1166 fortesub
1041 1087 1104 1164 ala

129 1213 372 1292 Panniculum
392 1227 524 1312 portes
546 1213 737 1290 librorum
762 1226 807 1288 ut
830 1214 993 1288 rusticus
1015 1237 1170 1310 agnum,

128 1342 178 1418 Ut
203 1341 338 1417 vinosa
361 1339 513 1437 glomus
536 1337 702 1414 furtivae
730 1337 895 1436 Pyrrhia
920 1336 1063 1432 lanae,

77 1497 102 1538 c
127 1465 178 1544 Ut
199 1491 285 1540 cum
316 1463 460 1563 pileolo
487 1463 610 1540 soleas
638 1463 804 1538 conviva
827 1461 996 1558 tribulis,

127 1590 189 1666 Ne
214 1589 331 1688 mulge
356 1613 500 1684 narres,
527 1599 566 1662 te
591 1586 788 1662 sudavisse
813 1585 974 1662 ferendo

133 1713 328 1810 Carmina,
357 1736 456 1812 quae
479 1711 627 1812 possint
652 1710 784 1808 oculos
808 1735 998 1810 auresque
1023 1710 1168 1786 morari

135 1838 333 1932 Caesaris3
359 1849 486 1912 cratus
511 1836 633 1913 multa
655 1861 781 1934 prece,
806 1839 929 1914 nitere
952 1863 1081 1936 porro.

126 1961 250 2058 Vade,
277 1961 374 2058 vale,
402 1987 495 2038 cave
522 1987 571 2038 ue
596 1962 736 2038 titubes
763 1963 1020 2062 mandataque
1043 1965 1213 2061 frangas.

75 2125 177 2180 vinias
203 2123 313 2194 duplici
337 2122 447 2177 ratione
469 2138 595 2192 peceare,
626 2127 657 2176 et
705 2123 867 2181 recondat«
895 2155 928 2180 τ-
958 2124 1089 2196 [aarum]
1106 2124 1184 2180 furto
1201 2125 1279 2182 abla-

75 2198 166 2252 nimia
191 2195 343 2250 sedulitate
366 2193 467 2264 (Epist.
486 2193 528 2262 ΙΙ,
548 2198 572 2257 1,
591 2193 655 2263 260)
705 2199 761 2262 tae,
782 2200 814 2252 ut
830 2195 921 2266 Epist
931 2196 953 2261 1,
964 2198 990 2260 8,
1002 2199 1045 2251 20.
1062 2194 1122 2252 Lir.
1133 2195 1217 2262 XLV,
1227 2199 1277 2252 39:

76 2273 107 2324 et
123 2268 166 2322 im
202 2273 290 2322 rtnna
301 2265 468 2340 ‚deponendi
484 2265 578 2320 cuens
596 2268 656 2319 atu·
708 2267 768 2321 »Au
785 2271 880 2335 noctu,
900 2273 1036 2337 tanquam
1051 2267 1164 2334 mura,
1187 2269 1218 2322 in
1233 2285 1278 2323 ae·

75 2341 132 2394 dic.
180 2340 256 2394 iniua
272 2337 356 2398 enim,
372 2337 472 2392 adsue
486 2337 601 2408 negotia
615 2337 655 2390 ia·
706 2341 810 2394 rariiun
828 2339 1077 2408 deportabuntms
1096 2368 1132 2380 -
1157 2338 1278 2410 tribalia]

75 2410 177 2466 menda
202 2410 323 2466 Rumam
351 2407 510 2477 proiectus,
544 2413 653 2466 tautum
705 2409 818 2465 infimae
838 2411 923 2465 sortia
939 2409 1033 2464 homo.
1069 2411 1104 2466 ci.
1122 2410 1208 2467 Mart.
1227 2409 1274 2475 IX,

77 2481 167 2538 officii
183 2497 270 2536 eausa
287 2479 400 2534 Horatii
417 2479 541 2534 cernuus
560 2496 654 2534 recum
705 2484 749 2549 58,
761 2484 792 2537 8:
813 2481 876 2536 »Nil
894 2486 939 2537 eat
955 2482 1051 2536 tritius
1068 2481 1170 2550 Hedyli
1186 2483 1276 2538 lacer-

75 2557 182 2623 porttt·
200 2553 367 2606 -ctiteiiar
386 2551 574 2621 inpiaqar]ut
587 2549 655 2606 »ini-
705 2553 757 2619 nia,
783 2552 847 2608 Non
866 2569 951 2607 aneae
971 2557 1101 2608 velerum
1118 2552 1277 2611 Corinthio·

76 2643 148 2695 qnae
175 2623 278 2679 mentis
309 2621 420 2687 asellus,
448 2638 510 2677 cum
540 2624 655 2693 gravius
705 2643 775 2689 rum,
799 2666 806 2681 .
826 2664 832 2677 .
852 2664 858 2679 .
880 2624 944 2679 Nou
959 2624 1067 2707 palleus
1085 2630 1154 2696 tege
1171 2625 1277 2679 mortui

75 2696 163 2752 dorae
179 2694 373 2751 subitonus«
395 2692 599 2762 (catiaco).
624 2724 653 2735 -—
706 2700 840 2751 tribalia·
887 2694 915 2749 Is
932 2697 1023 2766 igitur
1040 2714 1058 2751 a
1074 2696 1212 2765 locupleta
1228 2697 1278 2751 bo·

78 2766 200 2835 atttctto]
222 2784 280 2821 nou
299 2767 328 2819 in
345 2766 457 2831 itiusre,
479 2765 559 2835 quasi
570 2770 655 2835 poeta
704 2766 779 2821 mine
799 2767 836 2821 ad
853 2783 967 2822 coenam
979 2772 1096 2823 vocatus
1113 2766 1216 2823 calceis
1232 2769 1277 2823 rel

79 2838 185 2893 nullum
204 2836 655 2907 scriptiseuiapretiumstatuat3
704 2839 858 2909 peronibus
886 2838 1001 2894 indutus
1030 2839 1107 2894 venit
1138 2842 1186 2905 et,
1214 2856 1279 2895 cum

78 2908 128 2965 aed
155 2909 237 2964 iubet
263 2926 327 2963 eum
353 2908 498 2963 remittere
524 2925 603 2973 onus,
631 2908 655 2963 ei
705 2927 816 2963 servum
839 2927 895 2963 non
920 2909 1031 2977 habeat,
1058 2908 1149 2965 soleae
1173 2910 1276 2978 quibua

78 2982 106 3037 iu
124 2982 230 3035 itinere
248 2978 398 3035 molestum
415 2980 445 3033 id
455 2977 510 3034 eibi
521 2978 581 3034 iore
593 2996 653 3035 seu-
704 2980 859 3035 triclinium
875 2982 973 3046 intret,
992 2984 1021 3035 et
1038 2980 1143 3050 pileum
1161 2997 1217 3049 quo
1228 2998 1288 3039 uon

76 3054 139 3107 tiat-
156 3080 189 3093 —-
211 3048 598 3175 [obligetisspotlllfflae
613 3057 654 3106 air
707 3056 752 3106 cte
772 3058 917 3106 revertens
942 3068 959 3105 a
980 3055 1149 3121 tempestate
1175 3055 1205 3106 et
1230 3050 1279 3106 iri·

77 3124 120 3195 ue]
132 3123 165 3177 A.
175 3122 207 3177 P.
218 3124 279 3177 152
340 3138 406 3176 oore
416 3121 534 3175 dentem
544 3120 653 3176 libellos
705 3140 773 3193 gore
794 3122 971 3187 defendatur,
995 3123 1056 3191 ipae
1080 3123 1133 3178 sub
1155 3123 1199 3177 ala
1213 3140 1278 3193 pcr-

75 3194 215 3249 tenendoa
232 3209 295 3249 ease
313 3193 460 3262 praecipit
471 3220 505 3233 ·-
524 3195 544 3246 P
594 3192 652 3263 tta]
705 3198 755 3247 tat.
776 3194 811 3248 ci.
827 3194 885 3250 Sat.
903 3194 940 3259 11,
958 3196 985 3257 8,
1003 3196 1046 3248 77.
1065 3223 1100 3236 -
1118 3215 1151 3249 aa
1167 3196 1276 3265 meru]

78 3266 203 3321 »Nomen
229 3268 275 3320 eat
295 3264 413 3319 ancillae
431 3264 461 3319 in
479 3280 516 3333 qu
553 3280 598 3317 am
614 3264 653 3319 ia·
704 3265 794 3319 Recta
822 3283 873 3335 per
899 3265 1068 3334 asyncletum
1095 3264 1145 3319 alii
1168 3264 1212 3321 vel
1228 3286 1277 3321 aee

75 3338 140 3392 bula
157 3336 269 3400 Titinii,
295 3351 365 3405 quae
382 3334 476 3389 iurata
493 3334 573 3389 lanae
591 3334 653 3409 glo·
705 3336 751 3391 vol
770 3357 830 3393 aaa.
878 3336 925 3390 Sic
950 3353 1000 3405 per
1023 3340 1111 3391 totam
1127 3336 1276 3406 epistolam

75 3426 134 3463 moa
150 3408 200 3462 ita
213 3407 338 3479 gestarit
356 3410 388 3460 ut
403 3404 649 3475 deprehensam«
700 3406 816 3478 singula
847 3410 1000 3477 praecepta
1029 3412 1203 3478 reparantur.
1241 3438 1276 3449 -

77 3480 183 3534 Coum.
202 3478 290 3547 Gruq.
332 3478 463 3533 Ceterum
481 3476 650 3532 Lachmann.
704 3481 982 3548 emoniensem]
1003 3478 1022 3533 i.
1040 3496 1064 3534 e.
1083 3477 1192 3535 afferre.
1228 3479 1277 3534 Ni·

75 3550 243 3605 adhaeret.
264 3551 370 3621 ptos:
398 3552 533 3619 »Pyrrhia
560 3564 651 3619 neque
703 3549 743 3605 bil
761 3550 791 3604 in
809 3550 864 3605 hoo
883 3549 947 3605 loco
964 3548 1039 3605 ineat
1055 3551 1183 3621 ingratae
1192 3554 1278 3607 rusti

76 3622 200 3677 crucae
218 3617 587 3689 umneltomanaeieminae
605 3638 653 3675 no·
703 3622 806 3686 citatis,
835 3627 870 3675 ut
894 3620 985 3676 riuum
1006 3626 1052 3675 eet
1069 3622 1221 3679 nonnullis.
1242 3653 1275 3665 -

75 3710 138 3747 men
161 3698 209 3748 eat
231 3708 285 3746 nec
309 3696 404 3763 potest
426 3692 558 3761 dubitari,
586 3692 652 3760 quin
704 3693 812 3819 oratura
838 3692 874 3747 ab
900 3692 1059 3747 hominibus
1090 3695 1201 3749 obviam
1230 3712 1277 3750 vc·

15 3786 16 3795 ¹
75 3764 143 3819 illud
160 3782 180 3818 a
195 3762 318 3819 librariis
340 3763 382 3817 ita
406 3765 570 3833 corruptum
588 3763 650 3817 sib«
702 3764 794 3819 nienti
812 3781 846 3817 us
863 3767 901 3829 et,
919 3764 989 3833 quid
1006 3762 1115 3834 afferas,
1133 3783 1190 3835 quo
1213 3772 1276 3822 tau-

75 3840 186 3891 Pracla’a
206 3834 282 3889 coni.
300 3834 427 3890 Ribbeck
445 3832 482 3888 ad
501 3832 651 3889 Comini.
703 3835 767 3899 dea,
792 3835 967 3906 rogantibus.
1001 3864 1036 3875 ·-
1071 3842 1159 3891 nitere
1180 3838 1275 3920 porro]

74 3906 151 3977 reliq.
171 3922 200 3976 p.
220 3908 281 3971 123,
306 3910 340 3961 ut
358 3904 465 3973 Titinii,
497 3904 652 3975 comoedia·
703 3906 789 3961 Recte
814 3904 947 3961 mellina:
979 3905 1042 3961 »Sic
1067 3911 1101 3962 ut
1124 3924 1275 3978 coniunga-

75 3996 136 4031 rnm
153 3980 321 4048 togatarum
344 3976 499 4048 scriptoris,
529 3980 652 4031 Proetia't
703 3995 764 4032 mus
789 3982 821 4031 et
838 3982 921 4033 tenor
938 3977 1069 4033 versiculi
1095 3980 1216 4047 requirit
1244 3984 1275 4035 et

75 4047 268 4121 n'gnificetur3
302 4047 430 4103 similiter
468 4050 582 4119 repertu
609 4048 653 4101 est
703 4048 792 4121 meg'u
811 4048 906 4114 etiam,
923 4049 999 4119 quod
1016 4055 1138 4105 uatum
1153 4067 1211 4105 non
1226 4050 1275 4105 ad·

75 4120 166 4176 torma
182 4124 303 4189 Ortacia:
322 4134 373 4189 pro
395 4122 535 4187 Ofiatciur,
556 4122 650 4174 Purat-
700 4120 760 4175 dito
786 4119 919 4175 adverbio
948 4137 1033 4175 sensu
1061 4123 1148 4175 caret.
1202 4121 1276 4176 Nam

75 4198 132 4247 eius
151 4207 204 4261 pro
213 4192 383 4257 Pataliam
404 4189 439 4245 cf.
450 4191 534 4245 etiam
544 4188 648 4257 Hercle,
700 4190 774 4263 quod
791 4191 820 4245 in
839 4191 920 4247 editt.
939 4191 1111 4247 Bentleianie
1129 4192 1208 4247 nulla
1225 4192 1274 4251 ad-

76 4268 185 4319 met-a
206 4278 258 4333 pro
273 4264 409 4325 Arcelaca,
428 4260 650 4332 similia-qta-
698 4263 846 4318 notatione
872 4264 1021 4317 subiuncta
1049 4263 1273 4333 interpungitur3

75 4334 142 4406 m]
157 4331 261 4389 Alliex
270 4332 648 4415 bonitoodd-piamca,quaa
699 4347 793 4391 oratus
819 4339 904 4389 multe
930 4355 1025 4406 prece,
1052 4339 1148 4388 nitere.
1190 4356 1273 4405 porro

74 4408 168 4461 tamen
184 4406 278 4460 forma
295 4402 466 4459 auctoritate
485 4402 648 4459 tleetituitur
701 4408 773 4461 vata
790 4409 842 4461 oet.
865 4421 947 4461 cacco
974 4421 1041 4459 oaau
1067 4402 1175 4459 facturn
1198 4404 1274 4461 vitle-

75 4476 240 4533 ratislirme.
260 4474 575 4531 PraetereaBentleiua:
590 4492 647 4530 naa»
698 4479 772 4531 tun«
812 4476 970 4533 Bentleium
987 4479 1082 4529 tamen
1099 4477 1189 4531 secuti
1207 4482 1274 4533 aunt

74 4549 110 4603 tie
128 4548 265 4619 protecto,
284 4546 386 4617 iuquit,
404 4543 648 4617 erIthrrbiee,ai
697 4548 811 4618 Haupt,
827 4546 957 4611 Meinek,
974 4544 1089 4600 Linker.
1108 4577 1145 4587 —
1162 4550 1271 4620 tuales]

74 4642 152 4677 saun
170 4620 294 4677 inrtivae
306 4616 387 4675 lanae
406 4618 515 4689 glomus
534 4618 586 4674 auh
605 4618 648 4675 ala
698 4620 834 4675 Extrema
852 4623 882 4675 ct
899 4616 1038 4690 generalia
1054 4614 1220 4685 admonitio,
1236 4638 1273 4675 ue
