3125 5225
495 275 583 344 LIB.
606 275 632 342 1.
654 275 798 346 ΕΡΙΒΤ.
819 277 882 344 xi
1228 280 1290 346 521

140 459 193 538 Ut
217 459 452 536 fortunatam
477 461 592 562 plene
617 465 851 564 praestantia
876 466 1012 540 vitam:

91 615 117 658 u
141 583 224 661 Nec
249 585 283 662 si
306 598 344 662 te
369 585 518 663 validus
545 587 745 664 iactaverit
768 585 913 667 Auster
936 591 976 666 in
1001 591 1091 688 alto,

140 707 296 786 Idcirco
322 712 452 788 navim
478 723 582 788 trans
607 711 808 811 Aegaeum
836 741 944 792 mare
967 715 1121 792 vendas.

140 835 332 912 Incolumi
354 837 511 915 Rhodos
537 851 576 914 et
600 839 787 936 Mytilene
810 841 972 938 pulchra
996 843 1091 918 lacit
1119 842 1227 942 quod

141 961 313 1038 Paenula
337 961 509 1058 sobtitio,
532 975 745 1062 campestre
771 964 962 1041 nivalibus
988 965 1102 1062 euris,

142 1086 216 1162 Per
243 1088 417 1162 brumam
443 1087 604 1184 Tiberis,
624 1087 766 1164 -Sextili
791 1113 923 1166 mense
942 1088 1131 1166 ‘commus

88 1243 114 1282 a
140 1213 242 1288 Dum
267 1211 359 1289 licet
382 1238 428 1290 ac
456 1213 605 1290 vultum
635 1227 762 1292 servat
786 1215 957 1291 Fortuna
981 1216 1203 1314 benignum,

137 1339 283 1414 Romae
303 1336 481 1414 laudetur
507 1337 640 1416 Samos
667 1352 705 1415 et
727 1339 845 1418 Chios
871 1353 910 1416 et
929 1339 1085 1416 Rhodos
1110 1341 1259 1417 absens.

139 1461 210 1554 ru,
238 1485 507 1562 quameunque
533 1462 626 1538 deus
653 1463 724 1540 tibi
748 1464 1003 1541 fortunaverit
1027 1464 1173 1559 horam,

139 1587 261 1664 Grata
286 1611 394 1663 sume
419 1613 534 1664 mauu
560 1613 635 1664 neu
662 1587 793 1666 dulcia
818 1588 930 1664 differ
955 1590 998 1664 iu
1021 1615 1176 1684 anuum,

137 1711 190 1786 Ut
215 1735 448 1812 quocunque
471 1713 556 1790 loco
584 1714 713 1811 fueris,
741 1714 879 1790 viriam
904 1714 1068 1790 libenter

84 1867 110 1906 a
138 1835 198 1912 Te
223 1835 349 1911 dicae:
376 1863 467 1913 nam
494 1839 525 1913 si
550 1840 647 1915 ratio
675 1851 712 1915 et
739 1838 943 1938 prudentia
970 1863 1090 1932 curae,

134 1961 225 2036 Non
251 1961 358 2066 locus
381 1963 494 2040 effusi
517 1965 594 2042 late
619 1965 735 2041 marie
763 1966 906 2042 arbiter
931 1964 1068 2059 aufert,

138 2085 314 2184 Coelum,
341 2115 419 2166 non
436 2089 608 2170 animum
628 2103 774 2168 mutant
791 2091 858 2191 qui
876 2102 978 2168 treus
997 2115 1103 2166 mare
1117 2098 1285 2164 currunt.

135 2211 302 2304 Strenua
328 2240 396 2290 nos
423 2228 571 2292 exercet
596 2217 750 2314 inertia3
777 2217 939 2293 navibus
964 2229 1079 2315 atque

134 2337 345 2438 Quadrigis
371 2341 536 2439 petimus
562 2343 661 2417 bene
686 2341 826 2417 virere.
855 2340 969 2435 Quod
990 2341 1101 2440 petia,
1125 2338 1188 2414 hic
1212 2350 1283 2433 est,

85 2495 111 2534 u
141 2463 209 2537 Fat
234 2461 401 2560 Ulubris,
429 2463 577 2540 animus
604 2465 635 2540 si
662 2479 699 2540 te
726 2491 803 2540 non
830 2464 957 2540 deficit
981 2489 1138 2562 aequus,

84 2662 163 2727 mini,
181 2680 239 2719 non
249 2662 335 2719 animi
346 2662 464 2733 quadam
477 2663 665 2719 inconstantia
715 2692 748 2703 -
767 2662 882 2737 marcar]
908 2662 943 2718 ol.
962 2662 1052 2721 carm.
1069 2660 1104 2726 11,
1127 2663 1168 2723 le,
1189 2662 1230 2715 19.
1250 2689 1285 2699 ··

83 2734 128 2791 vel
159 2734 336 2819 aegritudine
368 2735 519 2791 laboranti.
544 2740 664 2804 -facit
715 2740 832 2791 stretona
845 2734 958 2805 inertia]
980 2749 1141 2803 oxymoron,
1160 2735 1192 2787 ut
1209 2730 1285 2802 apud

86 2806 169 2877 qaod]
191 2810 233 2861 ita
251 2811 318 2877 apta
337 2808 389 2872 est,
408 2813 440 2861 ut
459 2805 476 2861 i.
490 2822 514 2861 e.
532 2822 589 2861 non
607 2825 664 2861 ma·
713 2806 846 2862 Senecam
866 2806 900 2861 de
921 2806 999 2861 brev.
1017 2807 1067 2860 vit.
1087 2807 1128 2857 11.
1148 2805 1285 2856 desidiosa

83 2878 128 2949 gis
146 2882 214 2949 apta
232 2884 276 2932 est
295 2896 386 2949 quam.
412 2876 491 2933 Ouid.
510 2876 622 2933 lleroid.
639 2880 664 2946 6,
715 2885 864 2949 satrapeae,
882 2876 917 2931 de
938 2875 1080 2947 tranquill,
1098 2876 1226 2929 anim.12
1245 2879 1288 2927 s'n·

87 2952 152 3005 128:
175 2948 306 3005 »Medeae
320 2950 427 3005 iaciunt
436 2948 473 3002 ad
483 2948 573 3003 scelus
582 2966 664 3004 omne
715 2954 805 3019 escleta
836 2954 946 3004 auersis.
990 2948 1063 3003 llam
1084 2945 1213 3001 homines
1237 2944 1286 3013 qni

84 3038 214 3091 manuue
241 3020 279 3076 id.
299 3020 368 3075 ibid.
382 3022 465 3086 lae:
500 3018 578 3075 »Non
597 3021 665 3076 iacit
714 3036 823 3090 semper
840 3038 941 3093 magna
961 3018 1114 3074 moliuntur
1135 3020 1288 3089 perpetuo·

84 3092 119 3147 sd
137 3093 269 3149 lacrimas
286 3092 414 3147 barbitos
431 3090 490 3146 ulla
508 3108 608 3145 meas«
630 3122 660 3131 -
714 3109 768 3162 qne
786 3092 882 3147 labore
900 3094 1022 3162 aguntur
1035 3090 1225 3159 (exercentur),
1245 3086 1286 3141 ui-

83 3162 215 3235 poemia]
243 3164 329 3219 rastis
357 3163 511 3235 gausapina
529 3162 575 3217 rel
588 3180 665 3218 scor·
713 3162 753 3217 hil
770 3168 866 3219 tamen
905 3163 961 3218 uod
979 3180 1045 3218 vere
1062 3162 1166 3216 bonum
1182 3160 1219 3213 sit
1238 3162 1285 3214 aut

83 3240 139 3300 tea,
169 3242 227 3305 quo
254 3252 306 3305 per
332 3236 435 3291 itinera
459 3234 494 3288 ad
513 3235 663 3289 arcendum
712 3250 878 3307 magnume
910 3234 997 3294 ciunt.
1015 3232 1215 3287 nihilomnino
1233 3228 1285 3284 dii·

84 3305 172 3378 irigue
204 3306 364 3363 utebantur.
414 3304 591 3363 Contrarium
621 3310 664 3361 est
713 3304 809 3361 lerunt
826 3306 861 3361 ab
880 3306 942 3361 aliis
954 3307 1002 3375 qui
1019 3303 1088 3359 nihil
1099 3302 1198 3357 minati
1210 3305 1284 3355 sunt.

83 3390 244 3448 campestre,
252 3378 370 3433 linteum
379 3375 593 3448 subligaculum,
607 3394 662 3449 quo
714 3408 745 3418 -
768 3378 886 3449 Uteris]
919 3377 1055 3433 »Ulubrae
1079 3375 1158 3429 locus
1181 3373 1211 3427 in
1230 3372 1285 3426 lta-

83 3448 197 3505 iuvenes
217 3467 338 3520 corpora
356 3452 517 3504 exercentes
533 3448 663 3518 pudenda
712 3448 758 3514 lia,
779 3450 809 3504 in
827 3467 882 3519 quo
902 3449 1025 3503 nutritus
1045 3453 1088 3503 est
1107 3444 1209 3500 Caesar
1226 3444 1283 3497 Au·

84 3521 258 3591 operiebant,
277 3524 373 3577 cetera
391 3514 469 3575 nudi.
732 3525 822 3589 ustus,
832 3522 942 3575 comsit
958 3517 1162 3574 desertissimas
1178 3515 1283 3571 vicus«

117 3590 202 3648 [22.
223 3590 462 3665 Taqaamcuaqae]
483 3588 662 3645 Omissisunt
711 3538 847 3663 iorphyr.
879 3594 947 3647 Cum
965 3590 1010 3645 his
1030 3590 1168 3660 coniunge
1185 3586 1284 3643 Sueto·

84 3662 186 3719 hiduo
205 3680 303 3718 versus
321 3663 351 3718 iu
370 3662 484 3733 Cruquii
502 3660 660 3731 codicibus;
712 3662 951 3719 nium'Octavian.
962 3666 987 3717 6.
1026 3662 1284 3717 ›Nutrimentorum

101 3734 157 3790 uod
169 3733 356 3804 quomodona
376 3732 494 3807 ligantia
505 3732 660 3789 scribarum
712 3736 770 3789 eius
789 3735 948 3789 ostenditur
966 3733 1057 3789 adhuc
1072 3734 1152 3787 locus
1170 3732 1198 3786 in
1208 3730 1284 3787 avito

83 3752 141 3860 ieri
166 3806 294 3876 potuerit
317 3752 383 3861 bi.
415 3805 591 3861 manifestum
609 3808 661 3859 est.
711 3806 873 3860 suburbano
897 3806 976 3860 iuxta
1000 3808 1143 3859 Velitrae«
1193 3802 1284 3871 Quare

84 3874 237 3933 Aberravit
255 3877 351 3932 curlus
370 3895 421 3932 av.
433 3880 467 3931 22
486 3875 522 3931 ad
531 3894 557 3929 v.
567 3880 609 3941 24,
631 3880 662 3930 ut
710 3876 842 3947 reliquias
859 3876 1029 3933 Ulubrarum
1055 3894 1129 3931 nunc
1157 3874 1212 3929 sibi
1240 3891 1283 3927 re·

83 3948 192 4003 ombria
212 3948 323 4005 duobus
352 3948 489 4003 scriberet
503 3964 601 4002 manus
624 3950 659 4002 Ta
709 3948 802 4021 perire
827 3948 880 4002 risi
906 3956 971 4003 sunt
998 3950 1027 4003 in
1045 3945 1191 4019 parietinis
1208 3944 1283 3999 inter

85 4040 238 4148 tttt⁸⁶
251 4022 309 4144 ¹⁰⁶5
312 4018 659 4163 ulttt¹1¹tl⁸l⁰lt⁰t·
709 4018 1219 4161 litte‘Kitibanitai
1235 4018 1283 4140 ii

193 4131 201 4147 .
227 4122 253 4131 -
305 4115 321 4147 n
511 4132 516 4143 .
620 4132 626 4144 .
652 4130 658 4153 ,
756 4114 791 4146 no
1093 4128 1100 4141 .
1221 4127 1227 4138 ·
1274 4127 1281 4155 ‚

84 4164 108 4225 i,
122 4164 163 4217 14.
184 4191 214 4203 -
238 4114 355 4233 aritia]
381 4162 415 4217 ci.
435 4162 524 4217 Carm.
540 4160 561 4226 1,
577 4166 603 4233 3,
617 4166 656 4217 rt.
712 4166 773 4219 102:
795 4162 906 4219 »vacuis
922 4161 1060 4218 Ulubris«

624 4442 696 4449 --.-
703 4442 720 4451 ...
