3125 5225
475 291 624 361 LIBER.
655 292 794 360 CARM.
816 292 858 359 V.

242 484 347 558 rPer
370 482 513 557 liberos
538 494 587 577 te,
614 481 647 557 ei
671 493 807 557 vocata
831 481 1015 580 partubus

369 606 514 682 Lucina
537 606 638 683 veris
666 607 787 703 affuit,

267 731 342 808 Per
367 731 442 807 hoo
466 732 579 807 inane
604 756 799 831 purpurae
825 730 939 805 decus
963 754 1110 828 precor,

366 855 442 930 Per
467 855 774 952 improbaturum
799 854 893 929 haee
915 855 1058 950 Iovem,

269 976 374 1069 Quid
400 988 444 1051 ut
467 1003 634 1052 noverea
658 1002 720 1053 me
745 976 903 1051 intueris
930 988 995 1051 aut
1021 978 1076 1051 uti

227 1138 252 1175 a
367 1102 494 1179 Petita
517 1105 623 1179 ferro
649 1102 788 1178 belna?

268 1226 317 1303 Ut
343 1225 437 1301 haee
462 1239 650 1303 tremente
675 1238 830 1325 questus
858 1251 924 1300 ore
950 1224 1117 1303 constitit

365 1352 588 1449 Insignibus
610 1352 729 1451 raptis
754 1376 861 1449 puer,

267 1474 433 1574 Impube
459 1500 596 1575 eorpus
622 1475 737 1575 quale
760 1487 890 1575 posset
915 1475 1033 1573 impia

365 1600 518 1675 Mollire
545 1597 734 1676 Thr'aeum
762 1613 930 1697 pectora,

226 1752 250 1793 1⁵
273 1724 438 1803 Canidia
459 1724 639 1800 brevibus
665 1723 860 1821 implicata
886 1722 1025 1821 viperis

368 1850 503 1927 Crines
531 1863 568 1923 et
594 1850 830 1945 incomptum
859 1860 973 1945 eaput

262 1975 377 2049 Iubet
402 1974 588 2071 sepulcris
614 1974 813 2072 caprificos
838 1986 973 2070 erutas,

367 2098 482 2174 Iubet
507 2124 706 2198 cupressus
730 2100 910 2175 funebres

267 2224 318 2297 Et
343 2235 456 2297 uncta
479 2222 600 2320 turpis
628 2250 701 2298 ova
726 2249 841 2299 ranae
867 2222 1054 2321 sanguiue

220 2378 247 2415 a
367 2346 623 2447 Plumamque
647 2360 854 2423 noeturnae
876 2340 1001 2447 strigis

261 2472 504 2571 Herbasque,
533 2497 627 2570 quas
653 2471 779 2547 Iolooe
805 2488 921 2573 atque
947 2473 1107 2549 Hiberia

367 2597 487 2696 Mittit
513 2624 749 2673 venenorum
776 2600 894 2696 ferax,
939 2692 943 2704 Ι

262 2723 317 2797 Et
338 2748 423 2797 ossa
443 2724 492 2796 ab
521 2748 587 2796 ore
608 2735 718 2820 rapta
743 2724 894 2800 ieiunae
920 2725 1021 2802 oanis

368 2844 551 2920 Flammis
572 2844 683 2922 aduri
707 2845 910 2924 Colchicis.

79 3081 195 3134 agarum
212 3065 385 3137 prinoipem.
404 3095 441 3108 -
454 3069 583 3137 paratu
601 3087 644 3122 aa·
693 3066 798 3121 Ritter.
816 3065 920 3122 Keller.
937 3097 972 3108 -
995 3069 1135 3139 implicata
1153 3069 1266 3196 adportat}

75 3137 118 3207 ris]
132 3138 279 3194 oliberes
292 3153 362 3194 vere
383 3137 478 3202 babes,
496 3155 554 3193 non
573 3138 665 3193 aliea·
693 3137 1246 3212 Furiaruminstar.—breuitusffiieapu

75 3210 241 3278 apposuisti.
295 3208 387 3279 Epod.
400 3213 444 3273 17,
456 3213 499 3264 50.
544 3209 641 3276 Poeta,
695 3208 773 3263 Ouid.
799 3209 832 3262 A.
860 3210 893 3262 A.
912 3210 947 3276 11,
967 3213 1032 3266 876:
1073 3209 1148 3268 »Neo
1178 3215 1264 3268 travia

77 3281 143 3346 pueri
176 3281 328 3351 loquentia
361 3297 453 3350 paene
486 3282 641 3346 immernor,
693 3281 793 3350 ignaro
812 3281 909 3351 vipera
928 3282 1004 3337 laesa
1024 3281 1120 3351 pede«
1157 3284 1194 3340 id.
1213 3283 1265 3338 Re-

74 3367 137 3404 auam
162 3353 341 3407 renuntiem
368 3351 576 3407 mordaoieaime
602 3354 643 3406 in·
693 3352 918 3408 med.Am.4212
947 3360 1051 3408 »Parsa
1070 3356 1153 3409 necat
1170 3373 1265 3411 morsu

75 3424 208 3492 amanis
238 3424 287 3478 De
307 3421 413 3477 Lueina
429 3422 641 3506 af.c.s.1t.7-
694 3423 848 3493 apatiosum
866 3427 962 3508 vipera
982 3429 1118 3478 taurum«
1144 3425 1198 3482 Eat
1213 3426 1266 3498 igt-

73 3495 643 3636 ffifflffiffibfflt
692 3498 864 3620 lttfttf‘i
879 3496 1265 3694 tittfftlttfftntt

74 3635 126 3705 lego
141 3637 227 3692 etiam
254 3639 355 3709 ipsum
380 3653 489 3691 eaerum
514 3641 642 3708 praetex—
693 3653 763 3706 quae
781 3636 931 3694 validiores
949 3637 1049 3693 iubae
1075 3657 1105 3694 ra
1150 3641 1265 3696 aberen-

75 3707 162 3774 lamm,
179 3727 239 3780 quo
249 3709 420 3764 sacerdotes
432 3708 567 3774 velantur,
586 3724 641 3777 quo
693 3714 748 3761 tur.
770 3739 801 3746 —
822 3709 973 3833 cupressos}
1001 3707 1038 3764 ol.
1058 3710 1148 3766 Carni.
1166 3712 1202 3775 ΙΙ,
1223 3715 1265 3780 14,

73 3782 258 3848 magistratus:
308 3797 346 3835 uo
364 3778 555 3834 infirmitatem
575 3797 643 3848 pne·
693 3783 737 3833 23.
767 3778 928 3850 Virg.Aen.
946 3780 995 3844 11,
1013 3783 1055 3834 64.
1088 3782 1135 3846 vl,
1150 3785 1210 3838 216.
1230 3814 1264 3822 -

73 3849 142 3905 ritae
161 3869 279 3908 sacram
288 3797 418 3905 lecimus
446 3868 479 3905 ae
497 3851 642 3906 venerabi·
693 3849 790 3921 ranae]
813 3852 932 3906 bufonis.
953 3883 980 3892 -
1003 3853 1100 3920 lolcos]
1117 3853 1265 3910 Thessalae

74 3918 140 3975 lein<
178 3928 268 3980 Inane
291 3923 378 3977 daona
404 3925 456 3986 eet,
481 3923 555 3991 quia,
578 3938 640 3976 eum
693 3921 766 3975 anim
784 3923 913 3977 mulieres
933 3925 1263 3981 notaeerentvenefioiis

73 3995 134 4046 tueri
156 3996 273 4062 debeat,
306 4011 363 4048 non
390 3996 488 4047 tuetur
514 4011 642 4064 puerum.
693 3996 722 4046 et
740 3993 856 4060 magicis
874 3993 990 4048 artibus.
1036 3993 1152 4050 Hiberia
1169 4000 1264 4050 autem

73 4061 137 4118 llaee
160 4069 319 4137 praetexta
348 4068 378 4118 et
409 4063 487 4118 bulla
520 4065 642 4135 insignia
692 4063 771 4132 regio
790 4062 875 4118 Ponti
893 4068 951 4119 est:
979 4064 1138 4136 frequentes
1159 4067 1199 4121 ibi
1218 4084 1264 4120 ve·

73 4142 133 4203 unt,
163 4155 238 4207 quaa
269 4137 407 4206 leguntur
429 4139 568 4190 v.12.-
588 4148 644 4189 tre.
691 4139 811 4189 nauatae
827 4136 938 4200 herbae,
960 4140 1060 4207 quibus
1078 4137 1144 4190 olim
1164 4137 1264 4192 Medea

73 4211 158 4274 arata]
175 4209 342 4264 Bantlaina:
374 4211 515 4260 »trementi
537 4207 642 4263 babent
692 4223 743 4259 naa
761 4211 812 4260 est.
838 4207 1112 4275 ef.Taeit.Ann.VI‚
1125 4211 1172 4262 34:
1196 4207 1263 4262 »Fe-

72 4281 197 4348 quotquot
213 4279 279 4335 vidi
299 4277 411 4333 eodieea
435 4279 464 4331 et
482 4277 641 4335 Priscianus
691 4281 759 4331 runt
770 4275 890 4349 (Hiberi)
906 4297 934 4334 ee
955 4279 1093 4336 Thessalis
1112 4282 1264 4348 ort0a‚qua

71 4363 94 4414 p.
102 4353 158 4404 707.
200 4351 348 4422 tegerem
365 4353 461 4403 tamen
478 4349 570 4418 potina
589 4362 641 4405 tre·
691 4351 859 4418 tempestate
887 4349 949 4404 Iaso
973 4357 1038 4423 post
1062 4354 1187 4405 avectam
1205 4351 1262 4405 Me-

73 4433 153 4485 nate,
178 4427 212 4476 ut
231 4439 324 4492 purus
342 4421 382 4475 ait
397 4420 544 4486 lambiens,
575 4437 641 4490 qua·
692 4418 773 4474 deam
792 4421 956 4492 genitosque
974 4441 1008 4478 ex
1026 4439 1058 4478 ea
1075 4420 1181 4477 liberos
1206 4419 1263 4476 ina·

72 4487 100 4543 lia
117 4492 168 4548 iate
187 4493 325 4566 proxime
341 4491 641 4548 antecedebavblum-
691 4508 754 4544 nem
772 4508 838 4547 mox
856 4493 961 4563 regiam
982 4497 1086 4550 Aeetae
1106 4510 1263 4564 vacuosque

72 4561 640 4628 quaoeutisuntueinek.1.inker.‚eo-
692 4561 809 4618 Colobae
846 4564 1003 4633 repetivit«
1044 4594 1075 4604 -
1115 4567 1261 4638 Cotcttets]

72 4629 637 4706 tiammewritatsmaerrarnntflaupt
690 4633 786 4704 quales
806 4636 964 4691 ascendisse
985 4636 1076 4694 fertur
1091 4635 1192 4692 Medea
1202 4636 1263 4692 Col·
