3125 5225
530 251 619 318 LIB.
642 252 671 319 Ι.
692 250 790 321 ΒΔΤ.
813 252 854 318 V.
1229 254 1289 321 llll

146 439 382 518 Graecorum
401 438 519 539 longe
544 438 801 515 doctissimus:
828 438 920 515 inde
942 438 1086 515 Forum
1112 436 1217 539 Appi

144 563 348 638 Differtum
372 565 510 657 nautis,
530 565 769 662 cauponibus
796 577 911 663 atque
935 563 1126 663 malignis.

117 687 325 785 sHocitcr
345 688 476 786 ignavi
503 687 711 784 divisimus,
734 688 846 763 altius
874 714 917 763 ac
941 713 1010 763 nos

145 811 376 904 Praecinctis
401 838 541 887 unum:
569 813 694 887 minus
722 826 779 888 est
804 812 931 911 gravis
956 811 1085 910 Appia
1110 811 1240 887 tardis.

147 936 221 1010 Hic
247 960 320 1033 ego
345 949 503 1034 propter
528 962 678 1036 aquam,
702 936 807 1036 quod
833 949 914 1011 erat
936 935 1151 1029 deterrima,
1168 935 1292 1011 ventri

146 1060 282 1136 Indico
306 1060 462 1157 bellum,
491 1075 693 1139 coenantes
720 1062 823 1137 haud
849 1062 978 1137 animo
1004 1085 1128 1159 aequo
1238 1090 1240 1098 ·

144 1186 377 1283 Exspectans
403 1170 570 1260 comites.
614 1186 697 1261 Iam
721 1212 797 1261 nox
828 1184 1009 1261 inducere
1033 1184 1144 1259 terris

99 1346 123 1381 ιι
139 1310 306 1387 ‘Umbras
333 1309 501 1385 eteocle
526 1309 743 1386 diffundere
765 1311 876 1408 signa
902 1310 1083 1410 parabat3

145 1436 245 1511 lum
270 1435 379 1532 pueri
405 1435 542 1530 nautis,
569 1435 698 1532 pueris
724 1436 897 1509 convicia
923 1447 1062 1509 nautae

145 1560 348 1658 ingerere:
374 1558 463 1633 Huc
488 1557 660 1657 appelle!
712 1560 918 1634 Trecentos
944 1558 1099 1633 inserisl
1151 1558 1237 1634 Ohe

144 1684 230 1759 Iam
256 1683 347 1757 satis
372 1684 444 1757 estl
468 1684 569 1757 Dum
594 1710 658 1759 aes
684 1685 859 1783 exigitur,
889 1682 978 1757 dum
1008 1682 1113 1759 mula
1138 1683 1292 1781 ligatur,

145 1812 245 1885 Tota
271 1808 352 1882 abit
376 1808 482 1883 hora.
531 1808 626 1884 Mali
650 1808 789 1885 culices
818 1832 1011 1907 ranaeque
1037 1808 1224 1905 palustres

98 1968 121 2007 ιι
147 1933 341 2011 Avertunt
366 1958 531 2008 somnos.
583 1930 793 2010 Absentem
821 1947 861 2007 ut
886 1945 1012 2009 cantat
1037 1933 1199 2007 amicam

144 2058 269 2135 Multa
289 2056 465 2155 prolutus
488 2083 615 2155 vappa
639 2070 756 2132 nauta
780 2072 896 2157 atque
922 2059 1045 2132 viator

134 2236 203 2293 Ἠ.
223 2235 341 2306 excepit]
359 2232 453 2290 sicin
470 2234 575 2289 maiore
589 2238 672 2304 parte
722 2234 858 2300 navicula,
888 2250 958 2303 quae
984 2250 1099 2305 vespere
1127 2234 1197 2289 solvi
1226 2236 1296 2291 sole·

97 2308 358 2378 antiquissimorum
379 2306 471 2371 codd„
501 2308 532 2361 et
550 2306 625 2375 quod
641 2306 672 2359 in
722 2306 781 2372 bal,
810 2309 844 2360 ut
871 2306 960 2361 altero
986 2305 1034 2361 die
1057 2322 1139 2361 mane
1156 2306 1192 2361 ad
1209 2304 1296 2361 Fero-

98 2397 155 2434 nen
170 2380 270 2449 paucis
286 2378 429 2448 reperitur
445 2384 524 2449 sepit,
548 2377 578 2431 id
601 2376 673 2431 hanc
722 2376 798 2431 uiam
817 2376 1015 2447 appelleretur.
1041 2408 1071 2417 -
1102 2381 1152 2432 tus
1177 2377 1294 2449 appelle]

98 2452 271 2521 scripturam
281 2447 437 2511 coufirmat,
449 2464 505 2502 nou
516 2464 577 2503 eam
590 2465 671 2519 quam
723 2448 783 2503 hm
802 2462 866 2503 oum
884 2466 941 2503 nox
958 2449 1078 2517 adesset,
1096 2449 1175 2503 cuius
1194 2448 1296 2504 adren-

96 2521 251 2579 hmbiuus
269 2524 299 2575 et
317 2518 461 2575 Bentleius
479 2521 674 2590 praetulerunt
723 2524 785 2574 tum
803 2522 888 2590 poeta
911 2520 990 2590 epioe
1013 2518 1134 2589 quadam
1157 2520 1295 2589 dignitate
1355 2526 1358 2533 ⁴

99 2600 216 2666 aceepit
236 2625 267 2634 —
281 2596 379 2648 Arida
409 2590 445 2646 ari
460 2591 672 2662 sismAppism
722 2594 824 2662 utpote
843 2591 1086 2663 exspectabundus
1112 2591 1249 2649 describit
1267 2609 1294 2647 v.

97 2665 188 2722 diest
205 2683 225 2720 a
240 2664 331 2718 Roma
416 2664 478 2717 .M.
496 2663 528 2718 Ρ.
556 2693 592 2706 -
623 2669 673 2719 lle·
723 2665 811 2729 9.10,
842 2681 936 2720 omnes
962 2664 1155 2720 conscendunt
1172 2662 1294 2732 lintrem,

98 2737 233 2808 ls'sdms]
252 2735 352 2791 rhetor
369 2751 496 2807 graecus.
515 2765 550 2775 -
574 2740 672 2790 Forum
723 2751 820 2789 omnes
846 2739 1009 2805 properant,
1039 2739 1139 2790 curant
1165 2752 1201 2789 ne
1230 2734 1297 2804 quid

97 2808 183 2882 Appi]
208 2809 317 2864 distans
335 2806 371 2862 ab
388 2805 484 2860 Aricia
498 2806 558 2860 XX.
575 2806 613 2860 Μ,
631 2805 672 2871 Ρ.,
722 2822 835 2861 suarum
855 2824 948 2862 rerum
965 2807 1178 2876 relinqueretur.
1228 2805 1296 2860 Inde

99 2880 135 2934 ab
152 2880 250 2950 Appio
263 2878 479 2952 ClaudioCaeco
495 2878 545 2947 qui
553 2878 674 2948 Appiam
722 2895 875 2948 puerorum
914 2881 1119 2947 nautarumque
1156 2879 1295 2946 convisia3

98 2954 175 3006 rim
193 2950 588 3020 natumnatum-saque
610 2949 674 3004 vide
723 2949 774 3004 sed
813 2947 970 3004 sufficiebat
1005 2954 1105 3019 poetae
1143 2965 1296 3019 puerorum

95 3023 132 3077 sd
149 3021 244 3092 Eposi
265 3024 307 3085 17,
325 3024 351 3077 4.
368 3051 403 3062 -·
422 3025 585 3092 conpositas
616 3019 673 3075 Sat.
723 3019 850 3076 convicia
875 3022 971 3091 pausis
995 3019 1174 3092 significasse,
1199 3023 1296 3074 nauta-

96 3093 119 3158 Ι,
141 3098 168 3160 l,
185 3097 231 3148 29.
247 3091 368 3163 Meligni
383 3096 450 3146 sunt
466 3091 541 3161 quod
558 3092 675 3146 viatori·
723 3109 786 3145 rum
803 3107 861 3146 non
883 3097 1081 3146 memorantur.
1116 3089 1191 3145 Haec
1209 3091 1297 3162 igilur

96 3165 153 3220 bus
171 3164 248 3220 mala
264 3181 316 3218 sua
335 3164 400 3218 vim
420 3163 674 3232 atquseduliama·
722 3163 811 3218 rerba
828 3167 877 3218 lue
896 3165 1018 3235 appelle‚·
1036 3175 1167 3218 trecentos
1179 3166 1296 3229 inserts,-

95 3235 410 3378 ffilsffilildlll
418 3233 675 3374 utltt'ttttt
723 3230 1309 3375 sterterenttttstt‘tltt

95 3385 174 3444 suut,
203 3347 395 3448 expolitiores
420 3381 486 3430 sunt
503 3376 675 3446 celeriusque
724 3377 905 3446 cogitandum
921 3380 973 3441 est,
1001 3375 1145 3445 increpari·
1165 3376 1207 3430 ita
1229 3391 1297 3430 nau·

97 3451 157 3505 iter
173 3448 336 3507 conficiunt.
362 3449 463 3503 Facete
481 3447 595 3502 dictum.
623 3447 674 3500 His
723 3451 783 3502 tam
800 3465 858 3502 non
876 3462 933 3502 uno
950 3452 1058 3511 tenore,
1084 3450 1116 3500 ut
1134 3447 1220 3512 aiunt,
1247 3446 1297 3502 sed

99 3526 285 3592 opponuntur
302 3525 400 3589 postes
410 3524 491 3586 teret,
511 3519 559 3587 qui
575 3519 674 3574 abhor·
723 3518 806 3574 iustis
820 3517 993 3589 interpositis
1006 3517 1173 3588 intervallis;
1192 3518 1296 3573 etenim

97 3598 167 3648 rent
181 3611 201 3648 a
214 3592 312 3648 labore
330 3590 401 3645 riae.
422 3589 493 3645 Nam
510 3589 603 3660 Appia
620 3594 674 3659 (ιν
725 3595 790 3644 suut
825 3591 904 3658 quusi
940 3588 1068 3660 exempla
1105 3589 1296 3644 altercationis

97 3671 165 3736 piu
182 3670 291 3720 manse
311 3661 600 3731 satsilv.11,a,1a)
617 3677 674 3715 ma·
722 3661 877 3732 proposita.
897 3691 931 3702 —
949 3657 1084 3732 prolatus]
1103 3659 1297 3729 Sat.11,4‚27.

97 3737 163 3806 guis
185 3751 222 3790 ac
244 3733 403 3788 durissimis
428 3731 568 3803 lapidibus
585 3737 675 3787 strata
724 3763 759 3774 -
773 3745 858 3788 nauta
875 3746 956 3804 utque
974 3731 1076 3801 elutos]
1090 3731 1211 3787 Etiamsi
1227 3736 1297 3787 all

97 3809 227 3862 mum
235 3807 355 3877 pedibus
365 3805 561 3860 molestasset
582 3803 674 3872 Quare
722 3805 818 3874 plures
850 3817 952 3859 nectes
985 3809 1190 3869 memorantur,
1227 3821 1298 3858 uuus

98 3878 207 3934 rectius
218 3876 379 3948 exoptimis
388 3877 468 3930 libris
478 3882 574 3942 salsas,
592 3893 674 3945 quam
723 3881 819 3930 tamen
836 3880 881 3930 est
898 3875 947 3944 qui
963 3874 1129 3930 hanounam
1140 3875 1297 3930 naviculam

98 3950 224 4006 alterum
240 3954 332 4004 atesis.
370 3947 438 4002 Feri
453 3947 540 4018 Appii
563 3947 674 4010 initium
724 3947 808 4018 regit,
831 3949 878 4002 oui
895 3948 925 4000 in
941 3945 1118 4016 imponendis
1136 3951 1165 4000 et
1179 3946 1297 4001 homini·

99 4027 163 4078 esst
186 4018 404 4091 Pomptinamm
436 4018 585 4089 paludum,
623 4033 675 4088 per
724 4020 778 4073 bus
795 4021 825 4072 et
842 4019 959 4074 sarcinis
977 4016 1079 4087 reliqui
1089 4017 1195 4072 auxilio
1207 4022 1298 4073 erant.

100 4109 169 4162 quas
195 4094 253 4149 iter
284 4091 502 4148 continuabatur
539 4090 624 4144 lintre
658 4107 675 4144 a
724 4089 824 4145 Viator
854 4095 947 4144 sutem
970 4085 1064 4144 mulio'
1085 4105 1142 4142 non
1169 4093 1222 4157 est,
1249 4088 1298 4144 sed

101 4165 182 4248 mulis
199 4169 293 4220 tracta
310 4179 399 4246 usque
417 4161 455 4216 ad
471 4162 607 4230 templum
623 4160 674 4243 Ee·
724 4161 832 4244 yilioris
848 4160 1025 4244 condicionis
1047 4159 1131 4216 homo
1157 4161 1205 4244 qui
1223 4159 1298 4215 idem

100 4233 675 4374 ffillsslcll‘lllllulffiil‘,
722 4231 1083 4371 lllloflltulllulll
1100 4247 1213 4371 ⁰3⁹3?
1223 4249 1299 4359 tt

100 4380 176 4448 quod
199 4379 306 4435 Forum
332 4377 420 4448 Appii
451 4375 586 4431 refertum
613 4379 675 4430 erat
723 4379 754 4430 et
771 4391 869 4430 navem
885 4375 961 4445 regit
987 4379 1016 4430 st
1039 4374 1142 4427 mulam
1166 4375 1228 4429 loro
1246 4375 1300 4429 lin-

101 4453 193 4508 usutis
216 4456 247 4508 et
271 4449 459 4520 cauponibus.
490 4475 522 4488 -
550 4446 672 4517 comites]
723 4450 798 4501 trem
815 4447 981 4516 trahentem.
1024 4443 1080 4500 Sed
1107 4461 1170 4498 curn
1189 4445 1298 4501 facilius

101 4522 201 4580 Omnes
233 4523 322 4581 iutell'
362 4520 414 4576 udi
445 4522 512 4573 suut
542 4519 590 4588 qui
622 4533 675 4588 per
724 4518 763 4573 sit
781 4535 817 4573 ex
835 4518 921 4574 lintre
938 4517 1043 4574 mulam
1061 4531 1144 4584 quam
1169 4533 1205 4570 ex
1223 4517 1299 4570 mula

101 4595 212 4665 paludes
241 4599 296 4655 iter
406 4591 432 4645 ri
462 4593 544 4644 eraut
576 4588 674 4645 eadem
723 4588 838 4646 lintrem
863 4607 969 4661 regere,
996 4592 1109 4643 nauum
1138 4604 1193 4643 non
1222 4588 1297 4658 apud
