3125 5225
154 219 396 345 .··..³:,.·····j.··‚.
413 241 461 356 ³:²3
734 275 984 346 OAsslssNUM

459 467 645 542 Praesens
672 464 733 542 vel
759 465 837 542 imo
862 465 999 542 tollere
1024 467 1075 544 de
1099 463 1221 565 gradu

510 588 675 664 Mortale
698 613 836 690 corpus
864 589 927 666 vel
952 588 1138 688 superbos

561 714 722 792 Vertere
748 715 948 791 funeribus
974 717 1201 814 triumphos,

425 864 512 940 tTe
537 889 685 964 pauper
710 865 832 940 ambit
853 864 1019 940 sollicita
1044 889 1159 964 prece

460 991 572 1065 Ruris
599 989 769 1087 colonus,
797 1004 835 1066 te
859 989 1056 1066 dominam
1078 991 1269 1088 aequoria,

450 1167 456 1176 ,
510 1113 742 1214 Quicunque
765 1115 934 1214 Bithyna
955 1114 1104 1192 laceeait

562 1239 812 1338 Carpathium
838 1239 998 1340 pelagus
1021 1240 1160 1315 carina.

460 1392 517 1466 Te
537 1393 662 1466 Dacus
689 1415 811 1489 ceper,
838 1401 877 1464 te
900 1389 1059 1488 profugi
1084 1389 1249 1486 Scythae

264 1555 393 1620 Romani,
413 1554 497 1608 alium
516 1554 585 1608 adeo
605 1553 675 1610 aliae
689 1553 780 1610 urbes.
799 1551 838 1609 Ut
888 1556 936 1606 tur
953 1557 984 1606 te
1001 1557 1031 1608 et
1053 1553 1188 1618 infelices,
1216 1571 1336 1623 quorum
1363 1554 1462 1610 domoc

218 1677 224 1694 ,
264 1626 418 1682 Fortunam
436 1627 582 1698 superiore
598 1626 721 1680 carmine
742 1629 772 1682 et
788 1625 836 1694 111,
887 1623 1062 1680 Necessitate
1079 1630 1178 1680 coacta
1196 1629 1305 1681 moeeto
1329 1625 1411 1680 vultu
1434 1633 1463 1680 et

263 1700 312 1768 79,
329 1701 438 1755 49-64
466 1697 599 1753 Graecam
621 1698 719 1768 magia,
746 1697 836 1751 incer·
887 1693 984 1748 habitu
1009 1695 1146 1764 relinquit
1167 1697 1228 1766 (atr.
1249 1699 1287 1766 6).
1330 1697 1402 1752 Nam
1426 1699 1461 1752 ab

263 1775 322 1825 tam
347 1773 376 1825 et
404 1770 505 1824 alatam
535 1768 684 1836 habemur,
716 1768 757 1822 aie
784 1769 838 1822 hoc
887 1764 1084 1822 innocentibus
1102 1766 1240 1837 perfidum
1259 1767 1462 1840 rolumvulgua

264 1841 407 1896 Fortunae
428 1840 552 1895 Antiatis
572 1839 590 1894 i.
603 1858 626 1894 e.
644 1855 709 1895 rere
719 1839 837 1894 Latinae
886 1843 916 1892 et
943 1839 992 1907 qui
1016 1855 1066 1893 ena
1087 1838 1212 1894 utilitate
1236 1841 1295 1895 aula
1320 1839 1463 1895 ducuntur

263 1912 342 1967 notio
359 1919 388 1967 et
406 1911 498 1983 imago
506 1910 615 1966 Latinis
630 1909 769 1966 coloribus
790 1910 838 1963 de·
887 1927 952 1964 cum
980 1910 1037 1964 tuia
1062 1909 1144 1964 donia
1170 1910 1307 1966 recedunt
1340 1913 1404 1979 (atr.
1423 1911 1459 1982 7).

264 1983 398 2038 scribitur
418 1987 446 2036 at
465 1981 632 2038 celebratur.
668 1980 744 2036 Haec
763 1981 837 2036 enirn
887 1980 929 2033 Tu
947 1980 1035 2050 igitur
1053 1983 1149 2035 tutare
1168 1981 1313 2037 Curarem
1336 2000 1409 2052 quae
1428 2000 1463 2037 ue

262 2054 387 2109 Fortuna
406 2054 506 2108 Antias
524 2069 580 2107 non
603 2047 678 2124 Τύχη
697 2057 749 2115 ert,
779 2069 836 2105 non
887 2054 1007 2106 conatur
1035 2051 1151 2120 adium
1184 2051 1238 2107 hoe
1271 2054 1347 2108 euim
1378 2055 1462 2108 noia

263 2142 365 2196 anceps
385 2125 445 2188 dea,
464 2141 521 2180 non
540 2125 659 2178 arbitrio
677 2126 706 2179 et
720 2123 837 2177 libidine
887 2128 986 2192 erepto
1012 2123 1200 2178 dilaberemur
1229 2123 1332 2180 iterum
1355 2125 1463 2180 diacor-

264 2197 322 2268 agit
341 2195 389 2266 (cf.
409 2196 498 2251 Carm.
517 2211 576 2266 sup.
594 2215 620 2250 v.
633 2197 684 2264 16),
713 2195 761 2250 red
788 2195 837 2248 be·
890 2193 945 2256 dia,
970 2194 1048 2248 cuiue
1072 2212 1129 2249 nou
1155 2195 1212 2252 dici
1230 2199 1326 2266 potest
1344 2202 1463 2266 quanto·

263 2269 350 2338 nigra
367 2273 411 2322 eet
429 2274 458 2322 et
468 2265 603 2322 benevola
619 2266 770 2336 eademque
787 2283 837 2335 po·
861 2326 865 2335 Ι
887 2281 954 2334 pere
971 2281 1022 2320 noe
1039 2265 1191 2334 poeniteat
1211 2267 1325 2322 Gladim
1348 2274 1464 2322 noetroa

263 2340 429 2395 tentissime.
454 2338 640 2408 Quaecunque
659 2337 736 2403 facit,
755 2354 837 2406 quou-
887 2340 986 2390 noatro
1002 2353 1104 2392 cruore
1121 2336 1240 2393 infector
1258 2341 1288 2393 et
1298 2338 1464 2409 profanator

264 2425 372 2480 cunque
396 2409 520 2464 hominen
543 2408 621 2464 tollit
652 2413 700 2464 aut
730 2407 836 2472 deiicit,
887 2407 968 2462 novin
996 2413 1029 2462 tu
1055 2409 1186 2478 auspiciis
1217 2426 1351 2465 coneeara
1376 2411 1465 2478 inque

264 2482 293 2535 iu
320 2481 356 2534 iia
384 2481 578 2536 necessitatem
605 2480 727 2549 aliquam
754 2479 838 2534 fixam
888 2477 978 2534 iuatoa
994 2477 1089 2534 hortea
1106 2486 1239 2536 converte
1254 2481 1381 2544 (eludit.
1393 2485 1463 2547 101«

265 2557 295 2608 et
311 2551 421 2606 firmam
439 2551 574 2623 requitur,
594 2551 736 2606 hominurn
754 2552 837 2606 bunia
888 2549 955 2605 Illae
982 2549 1188 2621 expeditionea,
1216 2553 1324 2636 primae
1348 2553 1464 2621 quidem

265 2625 381 2679 malisve
407 2623 577 2679 facinoribus
604 2640 752 2693 rerumque
771 2640 838 2679 oon·
888 2638 959 2692 quae
976 2623 1140 2692 componitis
1157 2624 1241 2679 bellue
1259 2624 1389 2680 civilibus
1406 2642 1464 2680 ma·

265 2696 375 2751 dicione
400 2695 454 2750 albi
478 2695 533 2765 ipai
555 2694 723 2765 impositam.
769 2696 838 2750 Cum
888 2695 1153 2819 gnmparabmtur,
1173 2694 1290 2764 quidud
1305 2696 1464 2767 exetirpan·

264 2768 329 2823 beni
369 2784 386 2820 a
410 2767 447 2821 rit
470 2767 530 2830 dea,
555 2766 584 2821 in
600 2766 719 2821 nummis
737 2766 837 2820 Roma·
908 2782 953 2819 am
971 2766 1191 2821 domesticorum
1208 2772 1336 2821 monium
1351 2766 1464 2822 foedam

263 2838 305 2893 nia
344 2844 407 2893 tera
424 2854 508 2893 manu
525 2837 600 2908 gerit
617 2837 839 2908 gubernaculum
887 2836 1052 2891 memoriam
1074 2836 1217 2892 valuerint
1242 2842 1368 2894 extrem
1395 2856 1464 2909 pare

264 2911 355 2965 altera
382 2924 470 2964 cornu
498 2909 600 2979 Copiae
627 2909 704 2975 (iude
727 2926 753 2963 v.
766 2911 839 2962 e-e
889 2908 1021 2963 carminis
1037 2907 1180 2975 oeteudit;
1209 2926 1297 2979 quare
1318 2911 1354 2963 iia
1375 2911 1465 2979 petie·

263 2980 337 3035 rurie
355 2980 469 3035 colonus
489 2984 519 3035 et
534 2985 644 3047 nauta);
666 2996 730 3035 oum
746 2984 838 3035 certae
888 2979 988 3033 aimum
1005 2981 1038 3033 ut
1055 2978 1130 3033 adult
1147 2979 1274 3035 Fortuna
1292 2980 1402 3045 dutiae,
1429 3000 1465 3036 ex

265 3050 340 3121 legen
368 3054 501 3121 aequatur
524 3051 553 3105 in
577 3050 776 3108 diatribuendie
794 3067 838 3104 re·
888 3050 988 3105 intimo
1008 3050 1100 3104 animo
1120 3049 1253 3105 Horatius
1275 3053 1356 3122 petit.

265 3122 464 3192 trahendieque
484 3122 575 3183 donia,
597 3122 673 3192 apud
690 3120 838 3177 Horatium
923 3120 957 3176 V.
966 3124 991 3176 2.
1016 3122 1155 3193 mutam]
1174 3122 1211 3185 de
1224 3122 1279 3177 diia
1296 3125 1466 3191 naui-patum

264 3196 394 3261 (lortaaee
427 3210 462 3247 ex
488 3192 609 3263 imagine
636 3192 756 3263 quadam
782 3193 838 3246 An·
889 3192 1151 3262 idemquodpetena
1168 3192 1316 3263 eignificat.
1342 3193 1388 3248 Siu
1406 3193 1465 3248 lul.

263 3265 351 3330 tiana)
376 3270 529 3320 lt'ecem'tur
546 3264 599 3321 dea
616 3282 678 3320 cum
697 3264 772 3319 omni
792 3264 838 3318 de
889 3269 918 3318 et
935 3264 1025 3319 Cicer.
1044 3263 1215 3329 Tuuc.l,12,
1229 3267 1273 3318 78.
1311 3264 1403 3319 Carm.
1413 3264 1464 3332 111,

263 3335 404 3391 vinciendi
416 3341 445 3390 et
458 3336 622 3391 continendi
632 3342 839 3407 apparatueam
890 3337 916 3399 b,
933 3338 959 3390 l.
987 3334 1183 3402 eat.11,a,ee.
1219 3335 1310 3405 Epiat.
1321 3336 1357 3402 11,
1368 3339 1392 3400 1,
1403 3338 1465 3391 134.

264 3410 358 3477 praeit
385 3406 422 3476 (v.
437 3409 468 3461 17
488 3412 569 3475 equ),
596 3412 750 3477 sequuntur
768 3406 839 3475 Sper
892 3434 924 3445 -
952 3409 1068 3461 mortale
1086 3405 1194 3477 corpur]
1214 3405 1355 3462 homiuem
1378 3407 1467 3477 rigui·

267 3482 297 3533 at
321 3476 406 3532 Fiden
432 3478 467 3543 (v.
482 3480 515 3531 21
537 3480 599 3549 aa).
644 3478 723 3533 Hauc
750 3478 839 3549 igitur
889 3476 956 3533 licat
973 3474 1084 3531 infimae
1101 3477 1197 3543 nortia,
1222 3479 1270 3548 qui
1287 3478 1360 3533 nihil
1377 3478 1467 3534 habet

263 3548 417 3603 Fortunam
440 3548 574 3605 Horatius
601 3550 629 3603 h.
654 3550 671 3604 l.
705 3550 838 3613 celebrat,
890 3548 944 3603 niai
965 3564 1068 3618 cur-pua
1092 3566 1173 3602 auum
1195 3548 1323 3603 mortale.
1367 3550 1467 3605 Peerl-

265 3620 439 3675 oecaaionem
466 3620 586 3675 fortaeee
611 3625 708 3675 nactur
734 3621 769 3674 ab
794 3637 839 3673 ex-
889 3619 982 3689 kamp.
1001 3619 1031 3674 in
1048 3620 1117 3674 edit.
1133 3624 1149 3673 7
1166 3621 1325 3690 auspicatae
1342 3626 1388 3675 art
1407 3625 1467 3675 eal·

263 3690 453 3761 petitionibus
472 3708 540 3759 quae
558 3690 725 3747 Octavianus
744 3708 767 3745 a.
786 3693 838 3746 777
890 3712 948 3759 par.
973 3720 1007 3729 -
1027 3690 1122 3762 meir]
1141 3691 1186 3745 Ab
1204 3691 1313 3746 ambitu
1329 3691 1467 3747 candida·

263 3764 291 3816 in
313 3760 487 3815 Britanniam
516 3766 545 3816 et
561 3762 695 3818 Arabiam
719 3762 840 3832 parabat
890 3771 984 3817 torum
1007 3762 1111 3815 aeuum
1135 3761 1161 3817 h.
1179 3779 1205 3816 v.
1222 3762 1252 3817 iu
1270 3780 1466 3833 quamcunque

263 3835 342 3901 (alil
353 3836 434 3901 aqu).
452 3832 522 3887 Rern
540 3833 581 3889 eie
592 3834 731 3901 instituta
749 3833 841 3903 prima
890 3831 1025 3902 precandi
1043 3838 1073 3887 et
1095 3832 1213 3903 rogandi
1231 3834 1375 3889 notionem
1394 3835 1466 3889 dila·

263 3905 337 3961 euim
356 3902 475 3986 atropha
505 3908 560 3971 ιω,
586 3905 686 3974 inquit,
713 3904 840 3959 Fortuna
890 3907 981 3959 tatum
1008 3903 1128 3957 videtur.
1176 3904 1211 3958 of.
1230 3904 1309 3976 Virg.
1328 3907 1398 3961 deu.
1416 3905 1465 3968 IV,

261 3994 839 4118 tt
970 3974 1467 4128 laetaturilla

262 4120 390 4173 nationes
409 4123 438 4173 et
455 4120 594 4187 civitatee,
612 4120 725 4174 barbari
744 4122 774 4173 et
784 4119 840 4173 Ro·
889 4120 962 4184 atter,
987 4134 1054 4187 prae
1078 4118 1141 4172 ahia
1168 4135 1283 4188 ruopea3
1314 4123 1364 4173 aut
1388 4120 1466 4173 enim

265 4190 349 4253 mani,
378 4206 412 4243 ne
436 4208 531 4244 rerum
559 4192 663 4246 etatum
689 4206 743 4260 quo
762 4194 839 4245 recte
888 4189 1016 4259 partiarii
1042 4192 1124 4242 erent
1147 4194 1199 4243 aut
1224 4190 1353 4245 mercede
1379 4208 1466 4261 agros

262 4262 316 4315 ribi
333 4260 464 4315 ridentur
479 4262 602 4331 gaudere
616 4261 748 4317 aubitavi
762 4278 840 4315 ever·
889 4260 1027 4316 uolebant.
1055 4259 1090 4314 ud
1109 4260 1165 4315 Sat.
1187 4260 1224 4326 11,
1239 4264 1266 4325 2,
1287 4265 1345 4317 115:
1373 4262 1466 4317 carm.

263 4337 307 4387 tae
316 4334 376 4399 (atr.
387 4336 411 4387 7.
423 4336 447 4387 3.
457 4336 493 4399 4).
524 4332 580 4387 Sed
597 4335 629 4387 tu
647 4350 702 4387 non
721 4332 838 4387 libidine
889 4332 1104 4396 11,14,12.-·
1127 4332 1256 4404 Bithyna]
1274 4350 1327 4402 pro
1346 4338 1394 4387 ter
1410 4332 1466 4387 fre-

263 4420 308 4457 rer
337 4403 413 4473 regie
440 4403 602 4468 hominum,
638 4404 687 4458 aed
715 4404 840 4472 aequeris
891 4406 1022 4473 quantem
1052 4402 1241 4458 &manorum
1275 4404 1306 4458 in
1356 4405 1468 4473 itbpnia

264 4474 450 4529 immutabiles
469 4474 644 4530 neoeeritatia
668 4478 698 4529 ct
714 4474 841 4544 ipsarum
890 4477 1086 4538 mercaturam,
1105 4474 1140 4528 uf.
1158 4472 1249 4529 Carni.
1269 4473 1318 4541 111,
1335 4479 1362 4541 7,
1380 4478 1406 4531 3.
1441 4476 1463 4539 l,

267 4560 361 4597 rerum
391 4545 467 4612 leger
501 4549 532 4600 et
559 4549 676 4601 eventus
708 4548 771 4609 (atr.
794 4549 840 4612 ως
894 4549 979 4610 1,13.
1016 4544 1066 4610 111,
1084 4548 1110 4611 6,
1130 4549 1173 4600 81.
1206 4574 1241 4587 -
1266 4547 1388 4618 prorupi]
1408 4547 1466 4600 (lar

268 4614 448 4681 quemobrem
467 4615 536 4683 Sper
553 4621 583 4671 et
600 4616 684 4671 Fidae
709 4616 842 4673 eomitan-
891 4617 934 4671 ita
961 4616 1153 4686 appellentur,
1186 4618 1279 4673 dim
1305 4634 1341 4672 aa
1372 4619 1464 4673 (laun
