3125 5225
270 246 335 311 ara
733 200 1002 319 sarraanuu

321 434 515 530 Certatim,
541 435 697 511 tandem
725 434 847 511 fessus
875 433 1043 529 dormire
1069 434 1193 531 viator

314 558 466 657 Incipit,
492 585 538 634 ac
562 560 700 635 missae
724 571 877 657 pastum
899 557 1110 635 retinacula
1133 557 1275 633 mulae·

314 682 440 757 Nauta
462 682 574 781 piger
595 708 685 757 saxo
712 680 850 779 religat
875 681 1073 780 stertitque
1099 680 1267 780 supinus.
1314 766 1321 777 ‚

264 839 291 878 20
314 807 475 908 lamque
502 807 584 885 dies
610 808 753 902 aderat,
781 805 835 879 nil
860 830 947 879 cum
973 805 1184 903 procedere
1206 804 1363 899 lintrem

313 931 523 1028 Sentimus3
551 931 674 1007 donee
695 931 918 1007 cerebrosus
945 929 1095 1028 prosilit
1120 954 1218 1003 unus

315 1054 375 1131 Ac
401 1057 529 1133 mulae
553 1068 769 1155 nautaeque
795 1066 909 1152 caput
935 1054 1165 1153 lumbosque
1190 1054 1340 1150 saligno

312 1180 427 1256 Fuste
454 1183 580 1280 dolat,
609 1196 747 1281 quarta
773 1183 837 1256 vix
864 1180 1017 1255 demum
1039 1177 1397 1278 exponimur-hora.

314 1303 396 1382 Ora
420 1330 631 1405 manusque
658 1317 723 1381 tua
748 1304 922 1400 lavimus,
946 1303 1121 1399 Feronia,
1150 1303 1318 1401 lympha.

265 1461 292 1502 a
316 1430 429 1505 Milia
451 1442 531 1505 tum
557 1430 690 1527 pransi
715 1429 788 1505 tria
814 1429 981 1527 repimus
1008 1440 1123 1526 atque
1148 1427 1317 1503 subimus

240 1590 253 1625 ι
314 1555 542 1653 Impositum
568 1554 667 1630 saxis
692 1553 770 1629 late
796 1552 1045 1628 candentibus
1071 1550 1219 1626 Anxur.

316 1678 407 1755 Huc
430 1691 612 1754 venturus
634 1691 717 1753 erat
740 1678 943 1759 Maecenas
970 1677 1137 1773 optimus
1159 1690 1275 1775 atque

317 1803 508 1899 Cocceius,
537 1801 642 1877 missi
666 1801 817 1901 magnis
845 1800 894 1876 de
919 1802 1033 1877 rebus
1056 1811 1218 1899 uterque

315 1926 459 2025 Legati,
489 1952 642 2001 aversos
667 1925 770 2000 soliti
796 1949 1027 2020 componere
1053 1924 1208 1999 amicos.

265 2083 292 2121 n
317 2051 393 2126 Hic
421 2050 541 2131 oculis
569 2075 641 2149 ego
667 2051 779 2148 nigra
806 2049 898 2123 meis
926 2048 1087 2148 collyria
1111 2048 1241 2148 lippus

314 2174 483 2251 Illinere.
533 2173 685 2249 Interea
710 2174 911 2249 Maecenas
938 2171 1095 2247 advenit
1121 2186 1237 2271 atque

320 2298 504 2377 Cocceius
531 2297 747 2397 Capitoque
773 2296 887 2371 simul
912 2296 1105 2393 Fonteius,
1131 2297 1180 2371 ad
1207 2275 1377 2399 unguem

268 2452 371 2506 mulam
389 2451 577 2510 ambulantem
601 2454 651 2504 aut
669 2450 761 2504 mulae
777 2449 845 2504 insi·
895 2452 976 2505 Terre
994 2454 1167 2519 Ottasaccr'o.
1205 2450 1249 2505 lbi
1271 2466 1329 2505 non
1347 2450 1470 2505 deerant

269 2524 382 2578 dentem
400 2522 490 2586 video,
508 2520 559 2575 sed
577 2520 607 2574 in
621 2521 750 2577 navicula
769 2524 843 2575 etan-
893 2536 1034 2591 cauponae
1059 2521 1088 2575 in
1114 2520 1214 2591 quibua
1238 2522 1285 2591 qui
1309 2522 1364 2576 iter
1381 2520 1471 2576 iacie-

269 2598 329 2650 tem
347 2608 451 2662 suaque
472 2608 542 2650 voce
560 2593 664 2647 mulam
681 2593 749 2648 satis
767 2592 845 2647 doci·
894 2594 964 2648 bant
980 2596 1180 2649 recrearentur.
1202 2623 1233 2634 -
1251 2592 1379 2664 witmer]
1397 2592 1472 2664 'Par-

268 2667 371 2722 lamet
390 2669 531 2720 assuetam
549 2667 712 2735 agitantem.
733 2664 783 2719 Cui
801 2665 843 2719 rei
892 2665 996 2730 racina,
1021 2665 1100 2721 cuius
1123 2665 1268 2734 antiquum
1288 2679 1390 2720 nornen
1409 2667 1471 2719 Am·

268 2755 304 2792 ne
324 2737 437 2792 obstare
456 2735 528 2790 illud
546 2736 653 2803 eredas,
682 2737 757 2805 quod
775 2751 843 2790 nau·
892 2753 946 2790 xur
962 2740 1032 2800 erat,
1051 2735 1081 2790 in
1099 2741 1193 2791 monte
1204 2737 1297 2807 posita
1314 2740 1383 2791 erat.
1403 2735 1469 2792 niv.

267 2809 374 2864 tamin
401 2813 480 2863 terra
496 2812 595 2878 postea
612 2808 760 2863 cubantem
780 2807 843 2862 dor·
893 2805 1004 2873 XXVII,
1015 2809 1055 2862 le.
1081 2807 1153 2862 Hirt.
1172 2808 1206 2862 de
1226 2807 1289 2862 bell
1311 2807 1471 2872 datvm,

269 2879 604 2949 mientemqusvidemns,
624 2878 771 2934 considera
785 2895 843 2932 mo·
894 2881 926 2934 15
957 2883 981 2933 l.
1008 2878 1081 2934 Saxa
1097 2879 1245 2934 candentia
1263 2883 1330 2932 eunt
1348 2882 1471 2948 propter

268 2951 306 3006 do
336 2967 420 3021 qnam
449 2951 531 3005 facile
559 2949 646 3005 fuerit
673 2953 777 3004 nautae
808 2965 842 3003 ex
893 2963 925 3005 ca
938 2965 1010 3018 eam,
1038 2943 1103 3005 irffle
1121 2949 1204 3004 Mart.
1223 2951 1255 3015 V,
1277 2953 1291 3004 l
1313 2948 1470 3005 »candidus

266 3038 339 3106 nave
355 3022 386 3076 iu
402 3027 509 3076 terram
527 3022 659 3091 prosilire
675 3021 842 3092 praesertim
892 3021 1016 3077 Annua«
1049 3051 1080 3061 —
1108 3021 1247 3093 Cocceius]
1275 3021 1313 3076 M.
1332 3021 1471 3076 Cocceius

268 3092 544 3234 attubus
562 3107 642 3218 st
656 3096 843 3218 attat·
893 3091 1099 3219 itlnlt‘lt’
1117 3093 1304 3234 tutat
1318 3095 1470 3219 bittit]

266 3236 361 3307 potnit
378 3234 509 3290 retinere.
893 3234 975 3290 viane
994 3235 1167 3289 et.Antonio
1186 3238 1293 3305 gratus.
1341 3240 1469 3307 Optime

251 3319 258 3330 ·
302 3305 335 3362 V.
344 3309 387 3362 20.
416 3303 779 3374 dtesaderm10maeein
795 3321 842 3359 na·
892 3305 1039 3360 Maecenas
1064 3309 1115 3370 est,
1139 3305 1355 3374 non-Cocceius,
1401 3323 1470 3362 nem

270 3377 362 3432 viauia
387 3377 592 3444 dormivemnt3
626 3393 697 3429 nnus
728 3375 842 3430 tandem
893 3376 934 3432 sic
950 3378 1058 3431 laudari
1077 3379 1166 3432 voluit
1185 3379 1337 3446 Bentlains,
1355 3323 1471 3434 scilieet

267 3450 360 3519 prima
377 3447 439 3503 luce
466 3446 679 3518 expergefactus
702 3446 843 3502 mirabnn·
893 3465 928 3504 ne
957 3448 1042 3504 nimia
1066 3447 1095 3502 iu
1114 3449 1305 3505 Maecenatem
1323 3447 1470 3503 familiari·

270 3520 323 3575 dua
343 3534 406 3574 eum
422 3517 639 3574 videatnantam
648 3518 842 3584 dormientem,
892 3523 954 3574 tate
980 3525 1109 3574 uteretur
1132 3523 1223 3592 poeta.
1271 3519 1306 3576 cf.
1333 3519 1423 3574 Germ.
1444 3521 1469 3590 1,

269 3590 374 3645 mulam
393 3593 562 3660 pascentem,
582 3606 682 3673 nauem
691 3589 761 3672 nihil
779 3607 843 3661 pro·
892 3591 936 3656 20,
956 3594 981 3645 a.
1004 3589 1149 3646 Simillirna
1167 3592 1240 3647 ratio
1258 3594 1303 3646 est
1321 3591 1378 3646 Sat
1387 3590 1411 3654 l,
1421 3595 1469 3662 10,

268 3662 843 3803 tt.stttt⁸.²uctttt.¹¹tb.tt
893 3663 992 3788 tta·
1003 3661 1469 3805 tltntttttttttttt:

268 3805 380 3858 mulam.
418 3834 450 3844 -
485 3817 583 3875 quarta
611 3803 690 3874 tora]
725 3803 843 3858 Romani
892 3805 1059 3931 pellabatur.
1078 3805 1123 3859 Ex
1141 3803 1195 3860 hoe
1211 3754 1342 3860 loaonoli
1351 3803 1468 3860 conclu-

268 3874 369 3946 qnovia
386 3874 453 3929 anni
470 3879 598 3945 tempore
614 3873 644 3927 in
654 3873 765 3929 easdem
774 3875 842 3929 duo·
912 3893 959 3931 are
977 3881 1115 3948 perpetua
1139 3877 1178 3947 lip
1198 3875 1307 3932 itndine
1331 3880 1468 3932 vexatum

269 3947 361 4002 decim
378 3945 462 4001 horas
486 3947 559 4001 diem
587 3950 754 4015 noctemque
781 3951 842 4000 tum
892 3945 977 4002 baisse
1003 3951 1128 4017 poetam;
1169 3895 1240 4002 illud
1266 3947 1356 4003 solnm
1384 3952 1468 4004 reete

267 4017 425 4090 longiorem
456 4023 518 4072 tam
546 4017 704 4073 breviorem
736 4016 840 4072 divide·
893 4017 1007 4086 efficies,
1026 4017 1192 4074 infirmiores
1204 4017 1357 4075 fuissentne
1368 4020 1469 4075 oculos

265 4089 345 4146 bant.
393 4089 452 4143 Iam
480 4106 543 4144 cnm
566 4105 634 4144 rere
657 4089 713 4143 iter
730 4089 784 4144 hoc
802 4089 842 4143 ta·
892 4091 940 4160 qui
968 4095 1121 4145 nocturnos
1146 4091 1276 4145 humores
1302 4095 1329 4145 et
1355 4088 1469 4162 trigona

268 4166 344 4216 otum
373 4161 421 4228 sit,
454 4177 508 4230 qno
534 4164 660 4229 tempore
687 4165 766 4215 sexta
783 4161 842 4216 fere
892 4179 948 4216 non
966 4163 1037 4216 bene
1053 4162 1216 4217 tolerarent.
1237 4161 1372 4231 Compara
1391 4177 1467 4230 quae

267 4237 368 4288 nostra
387 4231 459 4286 hera
476 4232 520 4287 sol
542 4231 643 4296 oritur,
669 4237 770 4300 quarta
788 4231 842 4287 Ro·
892 4231 928 4287 de
938 4231 1094 4287 Hannibale
1107 4237 1258 4288 narrantur
1268 4233 1343 4304 apud
1351 4231 1466 4288 Livium

266 4319 351 4358 mana
387 4303 540 4374 respondet
574 4302 689 4358 circiter
727 4307 842 4359 nostrae
893 4301 979 4370 XXII,
999 4307 1015 4358 2
1033 4307 1103 4359 extr.
1129 4333 1163 4346 -
1186 4303 1322 4374 Fonteiae]
1342 4303 1373 4359 O.
1389 4303 1468 4359 Fon·

268 4375 402 4430 decimae.
432 4403 467 4414 -
494 4373 623 4445 Feronia]
645 4374 761 4444 antiqua
790 4375 842 4429 dea
892 4375 965 4429 teins
984 4375 1091 4445 Capito,
1113 4375 1225 4448 elegans
1242 4375 1325 4430 homo
1344 4391 1377 4430 ac
1392 4375 1469 4446 poli·

266 4443 372 4501 Italica
416 4445 492 4501 Haec
507 4445 646 4515 tammum
664 4445 775 4502 celebre
793 4445 840 4501 ha·
890 4451 945 4510 tue,
966 4445 1082 4500 Antonii
1099 4447 1128 4502 in
1145 4447 1212 4501 Asia
1230 4445 1347 4519 legatus,
1366 4463 1466 4505 a.u.c.

268 4517 353 4571 babet
366 4515 414 4571 111.
432 4518 470 4572 Μ.
486 4517 561 4572 Pasa.
580 4515 770 4586 aTarracina,
790 4517 839 4573 ubi
889 4520 940 4573 721
961 4518 1058 4572 consul
1077 4517 1219 4574 suffectus.
1233 4549 1264 4559 -
1284 4521 1318 4573 cut
1336 4523 1466 4592 anquam]

266 4603 341 4643 nunc
363 4592 408 4642 eat
432 4589 520 4644 turris
544 4587 667 4658 antiqua,
694 4589 839 4644 nominata
888 4589 922 4644 Δ.
940 4587 971 4645 P.
983 4591 1043 4645 294.
1063 4587 1141 4661 Virg.
1160 4589 1261 4660 Geor-g.
1272 4588 1307 4655 Il,
1316 4591 1378 4646 atr.
1417 4592 1468 4652 Sic
