3125 5225
828 224 853 293 8

328 418 441 501 Pauca,
465 417 558 497 abeo,
583 426 616 483 et
639 437 774 480 revocas
798 438 886 481 uoco
901 400 981 505 ¹post
1001 440 1109 521 meupe
1130 416 1289 503 iubesque

327 526 410 593 Esse
433 524 467 591 in
489 524 667 589 amicorum
688 544 838 591 numero.

244 636 355 717 Quare
375 636 516 721 primum
539 632 785 699 commendatus
808 642 859 697 est
879 634 1060 700 Maecenati
1085 646 1227 701 exeunte
1249 662 1277 703 a.
1289 661 1320 703 u.
1336 661 1363 703 c.
1379 638 1449 703 715

245 745 300 810 vel
331 743 422 808 initio
452 766 480 808 a.
495 741 565 807 716.
619 740 689 811 Sed
710 741 804 822 vide;
838 763 906 807 non
933 764 997 807 una
1026 742 1084 809 sed
1106 744 1239 829 ‚iterata
1268 768 1349 833 opus
1379 746 1450 809 fuit

248 851 549 935 commendatione3
572 850 745 916 maximam
770 859 878 915 tamen
902 849 988 915 haud
1011 851 1108 917 dubie
1129 853 1286 920 excitavit
1303 854 1448 938 gratiam

247 961 350 1048 ipsius
372 960 553 1049 praesentis
575 958 752 1027 modestia,
787 980 869 1045 quae
901 969 1022 1044 quanta
1051 959 1086 1025 in
1106 960 1170 1026 hoc
1194 961 1292 1040 fuerit
1312 962 1387 1046 lege
1410 970 1449 1026 et

243 1069 416 1134 admirare.
469 1066 739 1136 Obtrectatorum
761 1076 872 1133 umen
894 1066 961 1132 vile
980 1087 1085 1151 genus
1109 1092 1167 1134 sua
1189 1070 1368 1156 cupiditate
1389 1092 1448 1136 oe·

243 1186 409 1243 caecatum
438 1199 505 1241 non
539 1176 631 1259 vidit,
662 1176 750 1263 quod
780 1174 871 1241 aliud
902 1175 1036 1242 divitem
1065 1200 1102 1243 ee
1125 1178 1269 1243 nobilem
1290 1200 1363 1243 oum
1387 1180 1449 1244 ob·

243 1308 340 1352 sauro
361 1295 459 1373 atquc
480 1305 624 1373 paupere
646 1284 779 1349 homine
798 1283 1000 1369 coniungere
1026 1296 1138 1374 posset
1170 1285 1347 1366 vinculum,
1381 1286 1447 1352 nisi

243 1404 279 1459 ut
303 1395 388 1459 alter
408 1394 545 1459 haberet
576 1393 632 1479 qui
661 1415 696 1457 se
726 1393 927 1472 adularetur,
961 1394 1044 1458 alter
1076 1395 1131 1479 qui
1163 1394 1223 1461 sibi
1256 1393 1447 1477 largiretur.

242 1503 354 1586 Atque
375 1522 413 1567 ea
436 1502 477 1567 dc
500 1502 636 1567 Horatio
669 1502 779 1591 opinio
813 1512 878 1567 nm
910 1501 1043 1587 vulgata
1070 1503 1142 1585 fuit,
1177 1513 1214 1568 ut
1241 1502 1372 1589 publice
1404 1506 1449 1569 ab

243 1606 403 1674 eiusmodi
433 1608 710 1674 criminationibus
733 1630 768 1675 se
792 1608 972 1675 defendere
993 1630 1129 1675 necesse
1151 1610 1297 1675 haberet.
1345 1611 1449 1692 Quod

243 1719 376 1806 quidem
406 1717 682 1803 quemadmodum
712 1717 839 1799 fecerit,
880 1740 977 1803 quam
1007 1718 1208 1786 Maecenatis
1239 1720 1450 1804 gratianum

242 1826 285 1892 sit
306 1850 384 1893 usus
414 1827 455 1892 ad
491 1824 694 1910 colligendas
730 1846 820 1915 opes,
856 1826 899 1890 ad
934 1827 1111 1914 captandos
1144 1828 1297 1912 honores,
1331 1832 1449 1917 quanti

241 1936 509 2021 tranquillitatem
534 1934 634 1999 animi
656 1945 688 1999 et
710 1935 815 1999 otium
838 1934 925 2000 vitae
947 1956 1027 2021 prae
1048 1934 1171 2001 divitiis
1203 1947 1236 2002 et
1266 1937 1449 2006 honoribus

242 2042 408 2125 habuerit,
446 2065 521 2128 quo.
543 2042 687 2129 denique
724 2042 867 2108 caudore
899 2043 998 2108 animi
1033 2055 1065 2109 et
1100 2044 1288 2111 sinceritate
1323 2048 1447 2113 amoris

240 2153 380 2217 amicum
403 2172 534 2241 semper
555 2161 746 2239 prosecutus
770 2152 822 2234 sit,
856 2153 940 2217 haec
970 2154 1080 2219 omnia
1111 2164 1145 2219 tu
1175 2154 1246 2242 ipse
1264 2154 1377 2220 videas
1400 2178 1448 2221 ex

242 2261 293 2326 his
325 2261 528 2350 potissimum
561 2260 657 2326 locis:
684 2260 769 2341 „Sat
797 2261 828 2344 Ι,
850 2259 941 2345 6,92
963 2283 1035 2346 sqq.
1069 2261 1097 2346 Ι,
1119 2262 1149 2345 9,
1171 2262 1214 2326 43
1235 2284 1307 2348 sqq.
1347 2262 1449 2347 11,6,

240 2369 279 2434 41
304 2390 374 2453 sqq.
398 2367 507 2455 Epist.
529 2368 556 2453 Ι,
580 2370 610 2453 7,
633 2369 675 2435 34
696 2392 766 2457 sqq.
788 2368 896 2458 Epod.
922 2371 952 2444 1,
972 2372 1001 2435 b.
1026 2370 1136 2438 carm:
1155 2370 1216 2452 IV,
1238 2372 1289 2455 11,
1310 2370 1350 2436 18
1372 2392 1446 2458 sqq.

240 2477 295 2555 ΙΙ,
330 2477 378 2541 17.
435 2476 560 2541 Verum
594 2476 683 2543 enim
713 2496 793 2542 vero
827 2476 882 2561 qui
917 2476 944 2541 si
979 2476 1138 2543 voluisset
1174 2500 1308 2565 maguus
1346 2481 1449 2547 etiarn

229 2607 321 2674 vopes
354 2595 386 2653 et
416 2608 434 2650 a
458 2584 647 2652 Maecenate
676 2593 709 2650 et
737 2594 852 2674 postea
883 2587 923 2651 ab
945 2586 1101 2672 Augusto
1136 2608 1266 2673 quoque
1296 2590 1449 2679 accipere

241 2695 408 2783 potuisset,
443 2715 538 2779 quam
568 2716 670 2782 parvo
703 2714 778 2759 eum
812 2714 955 2759 munere
978 2703 1171 2775 contentum
1193 2705 1227 2760 et
1245 2697 1379 2764 beatum
1399 2698 1450 2762 vi-

241 2801 315 2866 desl
358 2800 392 2865 Is
413 2802 500 2868 euim
523 2823 617 2866 curus
639 2811 672 2866 et
697 2801 866 2866 molestias
887 2800 990 2870 Urbis
1013 2823 1160 2889 perosus,
1192 2816 1328 2870 naturae
1363 2807 1450 2872 eius

242 2933 305 2998 que
339 2912 571 2976 amoenitatum
606 2909 847 2976 amantissimus
883 2910 1004 2998 (Epist.
1031 2912 1083 2993 ΙΙ,
1115 2913 1150 2994 2,
1181 2913 1255 2997 77),
1293 2915 1450 2979 rusticam

241 3022 340 3084 vitam
366 3030 398 3086 et
417 3019 630 3085 solitudinem
653 3018 824 3108 splendori
846 3027 880 3083 et
900 3019 1069 3085 ambitioni
1103 3022 1247 3086 urbanae
1278 3021 1313 3086 in
1341 3044 1450 3089 anuos

240 3128 345 3215 magis
370 3129 560 3215 praeferens
583 3127 663 3214 quid
695 3127 784 3194 aliud
817 3128 857 3193 ab
888 3128 1135 3215 opulentissimo
1166 3129 1274 3195 amico
1304 3133 1447 3219 accepit,

242 3236 306 3303 nisi
325 3259 424 3302 unam
446 3238 683 3326 parvulumque
705 3233 828 3312 villam,
862 3237 972 3302 omnia
1001 3248 1077 3302 vota
1104 3237 1182 3302 satis
1204 3259 1369 3324 superque
1390 3259 1450 3303 ex-

239 3346 465 3433 plentem²⁹)‘?
508 3347 620 3414 Villae
653 3355 763 3412 autem
796 3347 939 3414 tabulam
973 3349 1014 3412 ab
1042 3350 1114 3437 ipso
1141 3349 1265 3436 pictam
1288 3348 1450 3413 habemus

240 3458 344 3546 Epist.
366 3457 395 3540 Ι,
419 3459 468 3538 16,
491 3457 511 3520 5
533 3479 604 3543 sqq.
660 3455 731 3524 Sita
759 3465 830 3522 erut
857 3456 891 3522 in
913 3456 1045 3530 Sabinis
1076 3456 1165 3523 haud
1185 3457 1300 3545 procul
1323 3456 1451 3522 Tibure

241 3565 444 3655 Aquilonem
466 3585 599 3646 versue3
635 3563 766 3630 additus
794 3586 876 3650 ager
905 3564 1096 3630 coniunctus
1129 3577 1199 3632 crat
1229 3587 1271 3630 ex
1301 3565 1449 3652 quinque

240 3675 465 3762 agricolarum
491 3672 689 3741 Sabinorum
714 3675 867 3760 agris³⁰)‚
901 3675 957 3760 qui
979 3673 1219 3764 proscriptione
1240 3683 1274 3740 et
1296 3671 1449 3738 distribu-

240 3786 330 3849 tione
350 3784 482 3870 agraria
505 3781 595 3848 bello
617 3781 703 3846 civili
733 3782 774 3847 ad
798 3782 1022 3849 Maecenatem
1045 3794 1275 3870 pervenerant,
1306 3793 1339 3848 ct
1369 3785 1449 3846 satis

241 3914 388 3977 mugnus,
422 3902 457 3956 ut
480 3900 612 3979 praeter
636 3887 781 3956 villicum
803 3893 930 3975 oeten)
960 3891 1005 3955 ibi
1027 3914 1139 3958 servos
1162 3891 1320 3957 Horatius
1342 3890 1448 3956 habe-

280 4125 538 4194 29)Sat.11,6,1
562 4142 620 4194 sqq.
668 4127 757 4181 Curm.
777 4125 826 4188 ΙΙΙ,
876 4129 969 4182 autem
996 4125 1084 4179 satira
1109 4125 1215 4195 scripta
1238 4123 1352 4178 videtur
1379 4123 1448 4192 ipsis

253 4201 294 4263 16,
315 4201 429 4254 37-14.
459 4195 519 4262 Quo
538 4213 610 4250 anno
629 4214 645 4250 a
663 4189 828 4252 Mieeenate
877 4197 1068 4252 Saturnalibus
1093 4196 1191 4265 (mens.
1214 4195 1359 4250 Decembr.
1390 4193 1451 4248 eius

253 4269 347 4325 uillam
361 4269 435 4324 dono
448 4267 596 4336 acceperit,
610 4284 665 4322 non
677 4273 771 4337 potest
781 4278 827 4322 ac·
878 4267 951 4323 nuni.
987 4268 1076 4336 Epod.
1089 4271 1114 4332 1,
1123 4270 1165 4323 25.
1179 4271 1212 4322 31
1232 4265 1365 4332 ostendit,
1382 4268 1449 4320 ante

256 4345 354 4396 curate
372 4341 436 4396 dici.
456 4339 517 4394 Hoc
528 4343 622 4392 tamen
634 4339 830 4394 certumvide·
878 4356 1000 4410 pugnam
1020 4337 1162 4393 Actiacam
1182 4345 1218 4407 (a.
1229 4356 1256 4394 u.
1270 4340 1332 4404 724)
1352 4335 1447 4391 villam

257 4417 313 4478 tur,
331 4413 434 4467 fectum
453 4410 482 4464 id
501 4427 561 4466 esse
573 4413 745 4479 antea.721;
765 4428 830 4465 nam
879 4412 904 4466 ei
920 4409 1015 4465 datam
1034 4426 1101 4464 esse.

260 4499 323 4536 cum
342 4483 463 4538 Satirsm
482 4481 516 4545 ll,
536 4485 552 4537 Β
570 4482 716 4546 scriberet,
735 4482 830 4536 villam
914 4482 958 4547 30)
975 4479 1066 4551 Epist.
1087 4485 1110 4547 1,
1131 4484 1172 4544 14,
1192 4483 1217 4533 2.

231 4553 288 4608 ‘llo
307 4554 393 4610 ratius
413 4556 466 4609 ism
484 4549 597 4622 babuit;
616 4555 778 4622 cl.v.5.10;
798 4569 831 4608 ea
916 4551 1089 4622 allsaell,
1108 4555 1133 4621 7,
1157 4553 1215 4606 116.
