3125 5225
682 244 758 344 15Ι

98 425 161 490 alia
180 425 320 490 nomina
342 446 422 490 vera
441 425 631 508 babeamus,
664 425 725 491 nisi
759 446 846 511 quae
873 436 907 492 et
941 425 1091 491 locorum
1119 435 1152 491 et
1175 435 1300 514 tempo·

97 556 169 597 rum
196 546 232 598 et
250 552 367 599 rerum
390 534 568 600 coniuncta
587 534 781 601 necessitato
804 534 970 601 fictionem
993 535 1181 601 excludant.
1233 536 1300 603 Ac·

98 642 184 707 cedit
209 664 281 708 non
303 644 436 709 omnino
459 642 677 731 improbanda
705 644 904 727 coniectura,
934 664 1032 732 posse
1053 646 1150 710 ctiam
1171 646 1232 710 sub
1254 644 1301 709 di-

96 750 199 817 versis
226 751 415 817 nominibus
447 772 545 817 unam
575 771 748 839 personam
781 752 906 833 latere;
944 776 1018 819 cum
1039 754 1231 839 praesertim
1252 754 1303 819 in·

98 860 275 925 veniuntur
309 880 393 944 quae
421 884 440 922 s
466 858 619 946 ‘corporis
646 860 701 924 vel
723 861 822 925 enimi
845 860 1053 927 facultatibus
1077 872 1205 948 sumpta
1226 884 1301 929 esse

97 978 218 1054 pateat,
250 978 289 1032 ut
316 967 456 1053 Pyrrha,
482 966 638 1053 Glycera,
665 968 801 1055 Lalage,
823 969 960 1035 Neaera.
1013 968 1134 1034 Virilis
1166 972 1298 1036 nomina

95 1078 128 1141 in
162 1077 379 1154 carminibus,
408 1077 471 1142 nisi
500 1099 584 1165 quse
604 1062 749 1143 virorum
771 1088 848 1143 sunt
869 1087 1036 1164 gestarum
1058 1100 1168 1143 rerum
1190 1080 1298 1167 splen·

97 1184 175 1249 dore
197 1185 375 1268 nobilium,
404 1208 479 1251 uon·
498 1186 599 1251 latina
620 1206 693 1251 esse
714 1186 822 1252 solent
844 1187 902 1251 sed
928 1208 1058 1270 graeca.
1110 1188 1209 1269 Quod
1231 1188 1300 1271 qui-

97 1293 169 1357 dem
193 1293 318 1358 iactum
338 1302 501 1381 putamus,
524 1304 560 1358 ut
577 1316 736 1379 graecum
757 1297 937 1360 carminum
950 1316 1067 1381 ‘genus
1087 1296 1122 1361 iu
1142 1298 1203 1362 bac
1219 1318 1299 1381 quo·

98 1422 159 1487 que
181 1424 220 1466 re
245 1424 339 1467 suam
370 1413 521 1467 naturam
550 1413 689 1469 teneret.
740 1403 874 1470 Deinde
907 1428 927 1469 a
958 1405 1111 1471 Romanis
1141 1405 1300 1471 iuvenilia

99 1510 242 1591 nomina,
258 1535 263 1543 ·
277 1532 361 1595 quae
384 1510 478 1595 pueri
502 1520 577 1575 ante
602 1532 697 1594 quam
719 1519 829 1593 togam
850 1511 980 1576 virilem
1002 1521 1180 1593 sumerent,
1207 1513 1298 1599 puel-

95 1620 149 1683 lae
172 1628 252 1683 ante
276 1640 375 1705 quam
396 1621 560 1684 nuberent
582 1619 704 1684 babere
731 1619 891 1703 solebant,
923 1619 1045 1685 diutius
1071 1620 1178 1698 etiam,
1212 1620 1298 1685 inter

100 1725 278 1791 familiares
310 1727 462 1808 maxime,
494 1736 623 1793 servata
655 1747 727 1791 esse
758 1728 930 1816 probabile
960 1738 1017 1792 est
1068 1726 1117 1794 Ut
1149 1729 1299 1817 exempla

101 1854 292 1921 proponam,
324 1834 496 1919 Augustus
526 1849 609 1921 puer
634 1832 799 1898 Thurinus
829 1836 956 1900 solebat
988 1834 1158 1923 appellari,
1188 1856 1296 1923 neque

99 1940 181 2005 aliud
206 1954 258 2005 est
279 1961 401 2007 nornen
424 1942 628 2029 imperatoris
647 1942 831 2028 Galeotae,
854 1952 909 2008 aut
932 1964 1115 2029 cognomen
1137 1944 1181 2010 Μ’
1204 1942 1297 2009 Curii

100 2048 247 2131 Dentati,
270 2050 327 2135 qui
350 2072 423 2115 cum
445 2050 598 2115 dentibus
622 2060 716 2117 natue
739 2062 819 2115 erat.
852 2051 1041 2116 Puellarum
1060 2051 1218 2117 iuvenilia
1238 2073 1296 2116 no·

99 2159 181 2223 mina
205 2179 307 2246 saepo
329 2160 543 2224 sumebantur
562 2180 582 2222 a
604 2160 714 2224 colore
734 2160 803 2224 sive
824 2159 932 2247 capilli
955 2158 1025 2225 sive
1047 2159 1227 2244 oculorum,
1262 2170 1299 2225 ut

102 2264 194 2345 Rufa,
218 2264 353 2348 Rufina,
375 2264 497 2348 Rutila,
516 2264 679 2348 Osesulla,
701 2267 839 2333 Ravillu.
892 2266 971 2333 Eius
1000 2266 1088 2331 modi
1115 2268 1218 2353 igitur
1239 2290 1298 2334 no-

101 2375 199 2458 mina,
235 2396 310 2439 cum
342 2374 456 2440 nescio
479 2374 556 2458 quid
577 2376 724 2463 poeticae
754 2386 888 2441 naturae
910 2375 1079 2459 haberent,
1109 2376 1143 2440 in
1165 2376 1322 2443 Horatii-

99 2482 245 2547 carmina
263 2482 419 2547 videntur
442 2502 516 2549 esse
539 2494 679 2569 receptu.

180 2590 275 2658 Talis
299 2592 401 2675 igitur
422 2602 521 2681 poeta
544 2592 615 2677 luit,
637 2613 733 2680 quem
756 2590 998 2674 Quinctilianus
1022 2590 1122 2658 instit.
1146 2603 1227 2659 orat.
1252 2591 1295 2676 X,

96 2703 124 2782 1,
144 2699 191 2764 96
224 2701 297 2766 lere
327 2703 432 2767 solum
463 2725 505 2768 ex
526 2703 642 2788 lyricis
664 2702 773 2768 latinis
796 2702 934 2787 dignum
954 2702 1068 2769 habuit
1091 2702 1146 2789 qui
1169 2703 1297 2786 legere-

95 2821 160 2893 tur,
196 2832 297 2898 quem
318 2835 377 2877 sus
396 2813 585 2879 vaticinatio
604 2809 857 2878 immortalitatis
890 2834 956 2878 non
989 2811 1111 2877 fefellit
1120 2811 1182 2893 Ὦς
1219 2834 1296 2878 nam

96 2917 186 2984 inter
217 2939 332 2985 omnes
366 2929 526 3008 quotquot
557 2921 591 2986 in
621 2921 871 3009 quibuscunque
900 2921 998 2985 terris
1032 2920 1167 2985 fuerunt
1198 2919 1297 3004 lyrici

96 3049 194 3092 nemo
216 3028 279 3093 fuit
296 3027 352 3114 qni
373 3029 462 3094 bunc
484 3026 605 3096 maiore
622 3029 746 3094 honore
760 3037 793 3093 et
807 3029 972 3095 crebriore
993 3029 1137 3094 omnium
1154 3026 1296 3092 lectione

97 3157 245 3222 unquam
279 3135 494 3224 superaverit.
549 3135 704 3204 Decessit
725 3135 881 3206 Horatius
903 3136 941 3203 Ο.
965 3137 1089 3203 Marcio
1111 3134 1295 3201 Censorino

99 3242 137 3307 ss
159 3242 282 3308 Asinio
312 3241 410 3311 Gallo
433 3241 548 3323 ¹Coss,
581 3265 667 3324 anno
700 3266 732 3307 u.
756 3264 781 3306 o
812 3241 873 3306 746
906 3243 1033 3323 (sentis
1061 3244 1118 3327 57)
1149 3267 1177 3308 a.
1199 3243 1232 3307 d.
1257 3242 1295 3306 V.

96 3349 173 3416 Kal.
196 3349 388 3431 Decembr,
423 3348 529 3414 subita
562 3348 595 3412 vi
627 3347 740 3412 mortis
770 3369 946 3436 oppressus
977 3348 1118 3432 „beredo
1142 3351 1296 3433 Augusto

98 3459 205 3546 palam
231 3467 430 3544 nuncupato,
453 3479 526 3522 curn
547 3468 689 3542 urgente
711 3457 742 3521 vi
756 3456 954 3524 valetudinis
977 3479 1043 3522 non
1065 3457 1232 3522 sufficeret
1255 3455 1297 3520 ad

101 3567 323 3654 obsignandas
344 3566 532 3632 testamenti
554 3567 690 3631 tabulas.
745 3563 906 3631 Humatus
936 3575 969 3629 et
992 3564 1142 3631 conditus
1167 3573 1218 3629 est
1236 3583 1297 3629 ex-

97 3677 210 3740 tremis
244 3674 401 3761 Esquiliis
434 3675 525 3741 iuxta
547 3673 743 3740 Maecenatis
776 3659 1020 3753 tumulum“⁵⁸l.
1089 3671 1153 3737 Hic
1186 3681 1295 3736 autem

99 3784 215 3850 eodem
248 3807 336 3850 anno
370 3805 559 3872 supremum
589 3784 675 3850 diem
702 3791 799 3847 antea
819 3782 956 3864 obierat,
988 3791 1159 3867 postquam
1184 3779 1295 3863 quanti

99 3889 188 3956 illum
211 3891 384 3957 habuisset
406 3890 504 3956 etiarn
526 3871 720 3954 testamento
745 3886 912 3975 prodidit3
946 3887 980 3952 in
1010 3909 1073 3971 quo
1103 3887 1146 3952 ad
1177 3888 1294 3974 Augu·

101 4125 248 4180 similitudo
276 4127 429 4194 appareat,
465 4121 489 4175 si
509 4125 604 4176 'tamen
628 4121 669 4174 in·
720 4115 812 4186 edita;
830 4135 863 4171 ac
882 4117 917 4172 de
936 4117 1054 4173 Horatio
1072 4117 1217 4190 Euripidis
1235 4119 1295 4172 imi.

101 4199 251 4252 santionem
280 4199 312 4250 st
336 4197 428 4247 totam
457 4199 547 4246 artem
574 4191 669 4262 paullo
719 4193 815 4243 tutore
834 4193 1118 4245 AntoniusGoetata'ua
1137 4190 1295 4260 diligentis·

101 4269 248 4324 secuntias
281 4263 457 4334 inspexeris,
491 4281 546 4318 non
578 4265 669 4333 possis
719 4261 790 4314 sime
803 4259 926 4328 scripsit,
937 4261 1016 4314 onius
1028 4263 1295 4316 commentationem

100 4339 225 4406 dubitare,
245 4338 318 4410 quin
338 4351 402 4390 eam
424 4335 594 4390 Graecorum
612 4338 669 4390 stu·
720 4330 843 4400 reperies
853 4333 891 4383 in
901 4331 1027 4386 Mirtaelii
1040 4331 1293 4401 AnnallZeitsebr.

98 4410 137 4467 dio
159 4414 289 4469 debente
339 4407 384 4460 De
409 4399 506 4459 eedem
529 4423 560 4459 re
587 4405 670 4461 docto
719 4403 738 4457 l.
758 4402 785 4456 d.
807 4401 1110 4473 Gymnasialw.)·1so1.
1131 4420 1158 4472 p.
1170 4405 1223 4458 298
1232 4420 1292 4472 sqq.

96 4484 283 4542 commentatio
314 4485 362 4534 est
390 4479 519 4530 statuat
544 4480 669 4539 Arnolds',
755 4475 801 4541 5⁷)
824 4473 1030 4542 Curm.ll‚20,
1052 4478 1092 4528 17.
1137 4473 1293 4541 111,30,7.

97 4557 290 4615 ablictetes'aio
312 4548 402 4605 annis
418 4547 494 4601 1855.
514 4547 581 4603 1eoe
590 4547 670 4602 liudis
754 4547 799 4612 58)
817 4542 882 4599 Vita
901 4545 1015 4599 Sueton.
1036 4548 1078 4598 20.
