3125 5225
549 292 634 359 LIB.
657 292 685 359 1.
706 290 808 359 SAT.
830 292 873 359 V.
964 330 965 333 ¹
1243 298 1305 365 313

155 478 292 554 Faetus
317 478 444 576 homo,
471 478 619 557 Antoni
645 507 722 557 non
747 495 789 557 ut
813 484 936 583 magis
964 484 1062 561 alter
1087 486 1244 560 amicus.

154 602 312 679 Fundos
337 604 494 681 Aufidio
520 607 657 683 Luseo·
671 620 848 705 praetore
874 608 1041 686 libenter

105 760 132 801 ss
156 728 394 829 Linquimus,
420 730 543 806 insani
568 731 736 809 ridentes
761 736 934 832 praemia
959 735 1118 830 soritas,

155 858 394 931 Praetextam
420 869 457 931 et
481 855 602 931 latum
627 857 778 933 olavum
805 886 1029 961 prunaeque
1050 858 1236 935 batillum.

154 980 202 1055 In
224 982 506 1055 Mamurrarum
533 980 625 1056 lassi
651 982 792 1059 deinde
817 984 912 1061 urbe
941 1009 1152 1079 manemus,

154 1106 319 1181 Murena
342 1106 550 1202 praebente
576 1104 744 1204 domum,
772 1108 959 1208 Capitone
986 1107 1163 1183 culinam.

154 1230 314 1305 Postera
339 1230 405 1304 lux
428 1232 549 1308 oritur
576 1232 697 1307 multo
722 1232 953 1331 gratissima:
981 1258 1148 1332 namque
1177 1312 1183 1321 ,

105 1388 130 1425 e
154 1353 304 1429 Plotius
331 1368 369 1431 et
392 1356 531 1447 Varius
561 1352 764 1433 Sinuessae
790 1356 1053 1457 Virgiliusque

154 1477 382 1577 Occurrunt,
408 1482 559 1560 animae
585 1484 717 1593 quales
742 1508 869 1582 neque
894 1481 1135 1558 candidiores

102 1645 140 1701 air
157 1636 247 1712 ὄνυχα
263 1642 310 1696 vei
330 1640 375 1695 ἐπ’
393 1637 499 1715 ὄνυχος.
538 1644 681 1698 »Transito
730 1660 836 1699 reum«
875 1643 1000 1698 Gesnero
1025 1642 1172 1698 videbatur
1194 1640 1305 1696 foculus

102 1713 144 1767 tio
172 1728 190 1766 a
218 1712 426 1777 marmorariis,
462 1714 509 1784 qui
534 1716 681 1771 iuncturas
731 1713 905 1771 saorifieandi
941 1731 1026 1769 eausa
1060 1714 1203 1785 praelatus
1238 1712 1303 1767 huie

102 1800 278 1838 marmorum
312 1788 373 1839 tum
400 1785 513 1841 demum
540 1787 679 1857 perfectas
730 1785 924 1855 magistratum
962 1786 1098 1857 (Iruquius
1134 1783 1305 1840 existimarit

102 1855 219 1919 dudunt,
246 1855 273 1910 si
289 1855 392 1925 unguis
412 1857 599 1927 superductus
623 1875 681 1912 uon
733 1857 876 1913 »vatillum
891 1855 1304 1913 essevoouluminooenatione

102 1925 287 1982 offirmtum«
303 1926 394 1983 Sebol.
418 1958 447 1969 -
461 1928 578 1999 Fundos]
597 1928 682 1984 hodIe
730 1933 780 1983 sut
796 1929 882 1983 eubili
901 1946 917 1981 a
935 1929 1113 1999 laquearibus
1139 1932 1188 1982 aut
1214 1928 1304 1981 eonti-

103 2002 205 2065 Pssdi;
231 1997 308 2051 Latii
334 1998 469 2069 oppidum
493 2017 510 2052 a
528 2000 681 2055 Tarraeina
730 2000 1045 2070 guationesuspensum,
1064 2000 1094 2053 in
1112 2015 1167 2067 quo
1185 1998 1238 2052 sub
1255 1998 1303 2053 ad·

102 2068 163 2123 ΧΠ.
181 2068 222 2123 Μ.
243 2067 276 2124 Ρ.
295 2068 420 2139 distans;
439 2069 589 2126 seeundum
605 2072 680 2125 Wal·
730 2072 845 2126 sentum
874 2070 1017 2141 hospitum
1049 2070 1094 2125 vel
1124 2070 1304 2125 convivarum

101 2138 350 2195 usmnmxm
368 2138 680 2197 maurannetus
729 2143 827 2213 prunis
855 2142 955 2211 positis
978 2140 1086 2196 suffitus
1113 2139 1190 2195 fiat«
1244 2140 1303 2195 Iam

101 2212 170 2267 olim
186 2212 291 2275 scriba,
316 2215 385 2267 tuno
411 2213 569 2283 praefectus
598 2214 681 2269 huius
730 2230 795 2270 oum
812 2218 965 2285 prunarum
984 2214 1129 2269 sesamum
1146 2228 1204 2266 non
1221 2211 1303 2267 facila

102 2282 240 2353 oppiduli,
260 2284 402 2353 praetoris
419 2284 474 2339 sibi
491 2302 680 2341 nomenarro·
729 2285 885 2356 praemium
915 2284 974 2340 sive
1001 2285 1111 2356 insigne
1136 2287 1253 2339 vocetur
1274 2284 1303 2339 in

100 2356 197 2425 gabat„
218 2371 274 2423 quo
291 2355 404 2411 nomine
421 2355 452 2411 iu
467 2356 610 2413 nonnuliis
620 2375 681 2411 mu·
730 2356 846 2425 aliisque
863 2356 933 2413 loeis
950 2356 1048 2411 batillo
1058 2372 1163 2427 prunae
1173 2354 1218 2409 rel
1231 2361 1302 2410 ster·

2 2417 3 2422 ἵ
45 2468 48 2473 .
100 2424 214 2497 uieipiis
234 2426 335 2508 summi
352 2426 535 2497 magistratus
561 2428 679 2483 bonora-
730 2445 795 2483 oora
814 2426 951 2510 tollantur
963 2426 1059 2511 ¹(Varr3
1080 2426 1111 2482 R.
1132 2426 1165 2480 R.
1175 2426 1223 2494 111,
1234 2428 1301 2491 6‚6:

5 2517 6 2526 ¹
100 2497 216 2563 bantur,
235 2513 293 2551 nou
311 2498 545 2568 mpraeiasturia
565 2517 600 2553 ex
618 2499 678 2569 qni·
732 2515 813 2553 »oum
829 2498 928 2554 batillo
945 2514 1092 2554 orreumus
1120 2500 1236 2568 oportet
1269 2514 1302 2553 ae

98 2569 153 2625 bus
178 2567 275 2624 Fundi
303 2573 391 2624 erant
443 2569 505 2625 Isiu.
526 2568 606 2639 VIII,
638 2574 679 2627 14.
729 2576 837 2628 stereus
864 2570 1003 2642 tollam),
1031 2568 1189 2626 Duentsero
1213 2568 1304 2626 risum

6 2684 7 2687 η
99 2639 256 2706 XXXVIII,
274 2643 324 2695 36:
354 2643 412 2696 »De
429 2641 587 2697 Formianis
604 2643 681 2697 Fun·
728 2645 780 2706 est,
810 2641 961 2714 signifioari
989 2642 1142 2712 scipionem
1166 2642 1240 2696 male
1263 2639 1303 2695 fa-

1 2730 3 2747 <
98 2713 239 2836 danispppe
250 2711 439 2782 municipibus
457 2716 486 2768 et
494 2713 679 2784 Arpinatibus
728 2717 806 2768 otum
816 2731 871 2784 quo
882 2731 969 2768 vanus
978 2714 1061 2769 homo
1071 2713 1195 2768 virorum
1205 2713 1303 2768 trium·

99 2784 131 2838 C.
149 2782 176 2838 V
221 2783 283 2836 rius
308 2783 406 2854 Tappo
434 2783 563 2840 tribunus
587 2784 679 2856 plebis
728 2785 852 2855 pbalium
870 2790 898 2840 et
917 2785 1064 2840 consulum
1073 2783 1211 2854 scipiones
1222 2784 1305 2839 ebur·

96 2854 301 2926 promulgarit,
330 2855 372 2910 uti
401 2854 436 2909 iis
462 2855 587 2927 suffragii
609 2857 678 2913 latio
727 2875 797 2912 neos
815 2856 919 2911 Imitari
937 2873 1019 2912 ausus
1038 2857 1083 2912 sit.
1108 2854 1179 2909 Aliis
1198 2855 1290 2925 placui

95 2927 175 2996 (nam
195 2929 265 2981 ante
289 2925 350 2980 siue
368 2925 504 2999 suffragio
522 2925 679 2984 habuerant
727 2929 892 2984 coniectura
911 2931 1042 2998 maique
1060 2929 1198 2995 testitum,
1216 2926 1303 2983 beoil·

94 2997 255 3063 nussum)
273 3001 373 3052 assa«
395 3002 489 3053 Festus
500 3003 595 3054 autern
604 2999 678 3055 Fun·
727 3000 786 3054 lum
803 3015 942 3070 pruueum
964 3015 1017 3069 pro
1037 2997 1159 3054 consulis
1177 2999 1303 3067 scipione

95 3069 149 3125 dos
179 3073 211 3123 et
227 3067 358 3124 Formias
383 3069 459 3124 inter
485 3071 679 3141 praefecturas
728 3075 901 3140 usurpatum.
935 3071 1000 3137 Fas,
1018 3069 1180 3126 Boedas-liu.
1199 3069 1302 3126 Ritter.

94 3139 269 3196 numeravit·
298 3139 430 3196 ueterum
448 3141 483 3197 ef·
501 3141 561 3197 laiv.
576 3142 676 3210 XXIII,
726 3147 892 3212 receperunt
910 3145 1089 3198 ostiumst.-
1102 3145 1302 3197 Mamurrarum

97 3215 130 3268 19
141 3215 218 3268 extr.
237 3211 291 3278 Qui
307 3211 422 3267 iussum
440 3215 575 3268 strenus
594 3215 678 3270 bomo
726 3214 803 3285 arte]
821 3213 943 3269 Formiis
961 3231 978 3268 a
996 3212 1103 3268 Fundis
1120 3211 1195 3268 XIII.
1213 3213 1251 3267 M.
1268 3211 1301 3266 P.

94 3289 128 3338 ut
144 3284 204 3338 rite
228 3280 372 3352 adriperet
389 3284 590 3349 Maecenatem,
610 3285 677 3342 Coo·
727 3285 907 3342 distantibus.
961 3284 1090 3340 Formiae
1120 3283 1204 3339 hodie
1231 3285 1303 3338 sunt

93 3353 678 3420 esium,Fonteium,maxiroosiueiritate
728 3361 798 3413 Moto
817 3361 844 3410 ds·
865 3359 960 3412 Gesta.
983 3355 1127 3411 Mamurra
1145 3371 1229 3425 eques
1248 3354 1303 3409 Ro·

95 3427 184 3490 uiros,
210 3443 377 3496 quacunque
393 3427 487 3496 potuit
503 3429 613 3483 ratione
630 3445 675 3482 ex-
727 3445 834 3494 manns,
857 3427 940 3483 bomo
960 3427 1114 3483 ditissimus
1133 3430 1163 3481 et
1181 3425 1302 3481 Formiis

95 3501 183 3554 terno
200 3498 281 3552 eultu
299 3496 503 3568 dignitatisque
519 3498 677 3570 insignibus
725 3498 822 3554 infimo
840 3499 902 3554 loeo
921 3501 1011 3554 natus.
1029 3498 1142 3554 Festive
1160 3503 1245 3568 poeta
1261 3497 1303 3552 di·

97 3587 161 3624 sese
179 3575 341 3636 ornaverat,
366 3569 539 3640 molestaque
555 3570 677 3626 fortasse
725 3571 767 3626 eit
787 3575 986 3626 Mamurrarum
1004 3574 1075 3636 arte,
1122 3568 1184 3624 uari
1201 3587 1303 3641 magns

96 3641 157 3696 iter
181 3639 321 3695 facientes
347 3639 500 3695 sedulitate
524 3646 676 3712 rogaverat
725 3641 766 3698 ibi
798 3658 830 3696 eo
856 3644 937 3698 setus
965 3641 1072 3696 familia
1128 3658 1303 3696 smurrarum

97 3710 178 3766 utin
196 3727 249 3766 suo
266 3710 374 3781 oppido
388 3717 555 3782 pernoctare
573 3732 609 3769 ne
628 3713 677 3768 de·
725 3712 821 3778 fuerit,
840 3717 872 3766 ut
882 3709 1052 3778 Lamiarum,
1072 3711 1107 3768 de
1125 3713 1227 3784 quibus
1238 3711 1303 3768 vide

96 3781 293 3854 dignarentur.
314 3782 457 3838 Bidebaut
473 3788 567 3839 sutem
580 3787 676 3856 magni
725 3785 762 3841 ad
780 3785 870 3840 Germ.
889 3783 939 3845 111,
959 3787 1000 3838 17.
1024 3813 1053 3824 -·
1071 3786 1193 3855 Marem]
1215 3784 1247 3838 1..
1257 3784 1303 3838 bi·

96 3855 152 3910 siri
180 3854 337 3910 sanitatem
364 3854 483 3910 bominis
512 3862 675 3911 senatorum
727 3856 817 3912 oinius
836 3855 985 3930 Terentius
1003 3855 1092 3911 Varro
1112 3855 1239 3924 Murena,
1268 3854 1302 3910 da

96 3923 188 3981 instar
205 3928 358 3996 praetexta
374 3927 471 3981 etlato
480 3926 561 3982 olavo
572 3929 673 3983 ornati.
726 3926 1144 3998 quovidasocarm.11,1o.
1184 3927 1302 3982 Murena

96 3995 206 4064 Quibus
214 3996 376 4068 insignibus
384 3992 676 4068 ἀπροςδοκήτωςαοοο-
726 4003 757 4054 et
775 3998 874 4070 Capito
886 3997 1007 4053 Formiis
1027 3999 1125 4054 domos
1143 3999 1301 4053 babuerunt

97 4068 141 4122 dit
158 4089 265 4139 prasus
283 4071 424 4136 tsts'ltsss3
445 4069 522 4139 quod
542 4071 610 4139 qnid
628 4070 675 4137 sit,
724 4075 810 4138 atque
839 4069 979 4136 aemulati,
1002 4074 1068 4126 uter
1087 4069 1211 4140 hospites
1232 4068 1302 4122 reoi-

97 4139 201 4196 ineerti
217 4155 325 4196 sumus.
343 4138 484 4195 Sosibitur
497 4141 582 4196 etiam
593 4145 674 4196 sats‘t·
724 4145 815 4226 peret,
840 4139 954 4196 tandem
980 4140 1115 4196 honorem
1140 4143 1170 4194 et
1187 4155 1301 4209 operam

98 4214 151 4266 tsss
177 4212 210 4266 iu
236 4211 362 4280 antiquis
386 4212 531 4268 oodioibus
555 4217 584 4267 et
599 4213 676 4283 apud
723 4217 800 4268 mter
825 4229 854 4267 se
882 4211 1046 4268 diviserunt.
1090 4212 1208 4266 Murena
1234 4227 1301 4265 essu

100 4281 253 4338 tommano
272 4281 373 4352 Cruq.‚
406 4284 453 4352 qui
480 4301 529 4340 ras
554 4301 674 4368 parsum
723 4285 831 4340 aderat.
850 4283 884 4338 of.
905 4283 1057 4349 Carm.111‚
1078 4286 1120 4352 19,
1139 4286 1164 4339 7.
1184 4311 1218 4322 -
1240 4285 1300 4336 Ple·

97 4353 183 4410 trusa
205 4355 249 4409 sit
274 4354 321 4408 sin
339 4369 397 4423 quo
416 4371 470 4423 pro
486 4354 563 4410 felior
580 4355 674 4426 hospi·
723 4355 790 4424 stus]
811 4355 1079 4412 nuntiaremus.
1097 4353 1184 4419 Sati,
1197 4356 1299 4424 10‚81;

98 4430 156 4480 tum
173 4426 298 4482 adventu
318 4424 443 4481 incensis
464 4427 597 4482 odoribus
613 4428 674 4482 Iovi
723 4426 773 4497 qui
793 4430 893 4498 postea
913 4443 976 4482 oum
994 4426 1024 4482 L.
1045 4425 1129 4481 Vario
1153 4426 1255 4496 (Germ.
1277 4423 1298 4494 1,

99 4496 227 4568 hospitali
250 4515 336 4554 saera
358 4495 480 4566 fiebsut3
506 4497 584 4566 quod
609 4515 674 4554 oum
723 4498 792 4570 6,1)
817 4497 929 4570 Virgilii
947 4498 1052 4554 mortui
1072 4497 1222 4552 Aeneidem
1241 4497 1297 4553 edi·

97 4584 229 4644 exerpto
239 4573 329 4638 esaei,
348 4567 563 4625 itatotlsbstet
580 4574 689 4626 osten?
722 4571 774 4626 dit
806 4599 839 4610 -
869 4570 1025 4641 Sinuessae]
1054 4567 1298 4624 xx111.M.P.a

95 4645 166 4702 tabat
189 4644 379 4717 hospitibus,
407 4641 488 4710 quasi
513 4646 589 4698 esset
622 4660 670 4698 au-
722 4641 851 4698 Formiis.
890 4640 946 4696 Est
964 4643 1050 4706 loeus,
1080 4639 1129 4696 ubi
1153 4657 1229 4698 nuno
1253 4643 1297 4696 est
