<?xml version="1.0" encoding="UTF-8"?>
<!DOCTYPE html PUBLIC "-//W3C//DTD XHTML 1.0 Transitional//EN"
    "http://www.w3.org/TR/xhtml1/DTD/xhtml1-transitional.dtd">
<html xmlns="http://www.w3.org/1999/xhtml" xml:lang="en" lang="en">
 <head>
  <title>
</title>
<meta http-equiv="Content-Type" content="text/html;charset=utf-8" />
  <meta name='ocr-system' content='tesseract 3.04.00' />
  <meta name='ocr-capabilities' content='ocr_page ocr_carea ocr_par ocr_line ocrx_word'/>
</head>
<body>
  <div class='ocr_page' id='page_1' title='image "./qhoratiiflaccio01dillgoog/qhoratiiflaccio01dillgoog_0197.png"; bbox 0 0 3125 5225; ppageno 0'>
   <div class='ocr_carea' id='block_1_1' title="bbox 376 315 1257 387">
    <p class='ocr_par' dir='ltr' id='par_1_1' title="bbox 376 315 1257 387">
     <span class='ocr_line' id='line_1_1' title="bbox 376 315 1257 387; baseline -0.002 -1"><span class='ocrx_word' id='word_1_1' title='bbox 376 331 385 344; x_wconf 86' lang='lat'><strong>·</strong></span> <span class='ocrx_word' id='word_1_2' title='bbox 449 318 536 386; x_wconf 87' lang='lat' dir='ltr'><strong>LIB.</strong></span> <span class='ocrx_word' id='word_1_3' title='bbox 560 317 627 386; x_wconf 91' lang='lat'>111.</span> <span class='ocrx_word' id='word_1_4' title='bbox 652 317 792 387; x_wconf 69' lang='lat' dir='ltr'><strong>cleu.</strong></span> <span class='ocrx_word' id='word_1_5' title='bbox 815 318 861 386; x_wconf 92' lang='lat' dir='ltr'><strong>II.</strong></span> <span class='ocrx_word' id='word_1_6' title='bbox 1197 315 1257 384; x_wconf 85' lang='lat'><strong>165</strong></span> 
     </span>
    </p>
   </div>
   <div class='ocr_carea' id='block_1_2' title="bbox 255 504 1099 856">
    <p class='ocr_par' dir='ltr' id='par_1_2' title="bbox 255 504 1099 856">
     <span class='ocr_line' id='line_1_2' title="bbox 255 504 1099 582; baseline -0.004 0"><span class='ocrx_word' id='word_1_7' title='bbox 255 507 302 582; x_wconf 93' lang='lat' dir='ltr'><strong>In</strong></span> <span class='ocrx_word' id='word_1_8' title='bbox 327 507 452 582; x_wconf 90' lang='lat' dir='ltr'><strong>rebus.</strong></span> <span class='ocrx_word' id='word_1_9' title='bbox 502 507 620 582; x_wconf 91' lang='lat' dir='ltr'><strong>Illum</strong></span> <span class='ocrx_word' id='word_1_10' title='bbox 646 531 693 582; x_wconf 87' lang='lat' dir='ltr'><strong>ex</strong></span> <span class='ocrx_word' id='word_1_11' title='bbox 714 506 915 582; x_wconf 91' lang='lat' dir='ltr'><strong>moenibus</strong></span> <span class='ocrx_word' id='word_1_12' title='bbox 941 504 1099 580; x_wconf 78' lang='lat' dir='ltr'>hosticis</span> 
     </span>
     <span class='ocr_line' id='line_1_3' title="bbox 301 630 863 731; baseline 0 -25"><span class='ocrx_word' id='word_1_13' title='bbox 301 631 479 708; x_wconf 82' lang='lat' dir='ltr'><strong>Matrona</strong></span> <span class='ocrx_word' id='word_1_14' title='bbox 503 630 863 731; x_wconf 57' lang='lat' dir='ltr'><strong>bellantisltyranni</strong></span> 
     </span>
     <span class='ocr_line' id='line_1_4' title="bbox 357 755 957 856; baseline 0 -26"><span class='ocrx_word' id='word_1_15' title='bbox 357 755 601 856; x_wconf 88' lang='lat' dir='ltr'><strong>Prospiciens</strong></span> <span class='ocrx_word' id='word_1_16' title='bbox 628 769 666 833; x_wconf 92' lang='lat' dir='ltr'><strong>et</strong></span> <span class='ocrx_word' id='word_1_17' title='bbox 689 756 822 832; x_wconf 87' lang='lat' dir='ltr'><strong>adulta</strong></span> <span class='ocrx_word' id='word_1_18' title='bbox 846 757 957 855; x_wconf 85' lang='lat' dir='ltr'><strong>virgo</strong></span> 
     </span>
    </p>
   </div>
   <div class='ocr_carea' id='block_1_3' title="bbox 216 904 1087 1379">
    <p class='ocr_par' dir='ltr' id='par_1_3' title="bbox 216 904 1087 1379">
     <span class='ocr_line' id='line_1_5' title="bbox 258 904 1010 1005; baseline -0.003 -23"><span class='ocrx_word' id='word_1_19' title='bbox 258 904 442 1005; x_wconf 69' lang='lat' dir='ltr'><strong>Suspiret</strong></span> <span class='ocrx_word' id='word_1_20' title='bbox 471 907 579 1004; x_wconf 88' lang='lat' dir='ltr'><strong>eheu,</strong></span> <span class='ocrx_word' id='word_1_21' title='bbox 606 933 656 983; x_wconf 91' lang='lat' dir='ltr'><strong>ne</strong></span> <span class='ocrx_word' id='word_1_22' title='bbox 680 907 788 982; x_wconf 91' lang='lat' dir='ltr'><strong>rudis</strong></span> <span class='ocrx_word' id='word_1_23' title='bbox 812 905 1010 1005; x_wconf 86' lang='lat' dir='ltr'><strong>agminum</strong></span> 
     </span>
     <span class='ocr_line' id='line_1_6' title="bbox 216 1029 1087 1131; baseline 0 -27"><span class='ocrx_word' id='word_1_24' title='bbox 216 1067 241 1105; x_wconf 75' lang='grc' dir='ltr'><strong>ιο</strong></span> <span class='ocrx_word' id='word_1_25' title='bbox 257 1029 427 1130; x_wconf 84' lang='lat' dir='ltr'><strong>Sponsus</strong></span> <span class='ocrx_word' id='word_1_26' title='bbox 451 1031 615 1110; x_wconf 89' lang='lat' dir='ltr'><strong>lacessat</strong></span> <span class='ocrx_word' id='word_1_27' title='bbox 637 1031 767 1131; x_wconf 87' lang='lat' dir='ltr'><strong>regius</strong></span> <span class='ocrx_word' id='word_1_28' title='bbox 794 1055 970 1130; x_wconf 86' lang='lat' dir='ltr'><strong>asperum</strong></span> <span class='ocrx_word' id='word_1_29' title='bbox 1085 1113 1087 1117; x_wconf 13' lang='lat' dir='ltr'>v</span> 
     </span>
     <span class='ocr_line' id='line_1_7' title="bbox 306 1155 944 1257; baseline 0.003 -28"><span class='ocrx_word' id='word_1_30' title='bbox 306 1155 427 1230; x_wconf 79' lang='lat' dir='ltr'><strong>Tactu</strong></span> <span class='ocrx_word' id='word_1_31' title='bbox 452 1155 616 1252; x_wconf 85' lang='lat' dir='ltr'><strong>leonem,</strong></span> <span class='ocrx_word' id='word_1_32' title='bbox 645 1182 761 1257; x_wconf 89' lang='lat' dir='ltr'><strong>quem</strong></span> <span class='ocrx_word' id='word_1_33' title='bbox 788 1169 944 1232; x_wconf 89' lang='lat' dir='ltr'><strong>cruenta</strong></span> 
     </span>
     <span class='ocr_line' id='line_1_8' title="bbox 355 1280 980 1379; baseline 0.002 -25"><span class='ocrx_word' id='word_1_34' title='bbox 355 1280 431 1355; x_wconf 90' lang='lat' dir='ltr'><strong>Per</strong></span> <span class='ocrx_word' id='word_1_35' title='bbox 454 1280 600 1357; x_wconf 89' lang='lat' dir='ltr'><strong>medias</strong></span> <span class='ocrx_word' id='word_1_36' title='bbox 621 1281 725 1379; x_wconf 85' lang='lat' dir='ltr'><strong>rapit</strong></span> <span class='ocrx_word' id='word_1_37' title='bbox 748 1282 808 1356; x_wconf 87' lang='lat' dir='ltr'><strong>ira</strong></span> <span class='ocrx_word' id='word_1_38' title='bbox 834 1281 980 1358; x_wconf 84' lang='lat' dir='ltr'><strong>caedes.</strong></span> 
     </span>
    </p>
   </div>
   <div class='ocr_carea' id='block_1_4' title="bbox 214 1425 1121 1905">
    <p class='ocr_par' dir='ltr' id='par_1_4' title="bbox 214 1425 1121 1905">
     <span class='ocr_line' id='line_1_9' title="bbox 255 1425 1121 1530; baseline 0.01 -28"><span class='ocrx_word' id='word_1_39' title='bbox 255 1426 378 1502; x_wconf 89' lang='lat' dir='ltr'><strong>Dulce</strong></span> <span class='ocrx_word' id='word_1_40' title='bbox 404 1441 441 1503; x_wconf 91' lang='lat' dir='ltr'><strong>et</strong></span> <span class='ocrx_word' id='word_1_41' title='bbox 464 1425 649 1504; x_wconf 87' lang='lat' dir='ltr'><strong>decorum</strong></span> <span class='ocrx_word' id='word_1_42' title='bbox 674 1442 730 1505; x_wconf 90' lang='lat' dir='ltr'><strong>est</strong></span> <span class='ocrx_word' id='word_1_43' title='bbox 754 1455 826 1526; x_wconf 90' lang='lat' dir='ltr'><strong>pro</strong></span> <span class='ocrx_word' id='word_1_44' title='bbox 854 1430 978 1530; x_wconf 87' lang='lat' dir='ltr'><strong>patrie</strong></span> <span class='ocrx_word' id='word_1_45' title='bbox 1004 1437 1121 1511; x_wconf 90' lang='lat' dir='ltr'><strong>mori:</strong></span> 
     </span>
     <span class='ocr_line' id='line_1_10' title="bbox 254 1553 1056 1656; baseline 0.005 -28"><span class='ocrx_word' id='word_1_46' title='bbox 254 1553 361 1628; x_wconf 88' lang='lat' dir='ltr'><strong>Mors</strong></span> <span class='ocrx_word' id='word_1_47' title='bbox 394 1567 433 1630; x_wconf 90' lang='lat' dir='ltr'><strong>et</strong></span> <span class='ocrx_word' id='word_1_48' title='bbox 457 1555 637 1654; x_wconf 84' lang='lat' dir='ltr'><strong>fugacem</strong></span> <span class='ocrx_word' id='word_1_49' title='bbox 661 1556 905 1656; x_wconf 78' lang='lat' dir='ltr'><strong>persequitur</strong></span> <span class='ocrx_word' id='word_1_50' title='bbox 931 1557 1056 1632; x_wconf 86' lang='lat' dir='ltr'><strong>virum</strong></span> 
     </span>
     <span class='ocr_line' id='line_1_11' title="bbox 214 1677 931 1776; baseline 0.008 -25"><span class='ocrx_word' id='word_1_51' title='bbox 214 1711 238 1752; x_wconf 77' lang='lat' dir='ltr'><strong>s</strong></span> <span class='ocrx_word' id='word_1_52' title='bbox 309 1677 390 1754; x_wconf 90' lang='lat' dir='ltr'><strong>Neo</strong></span> <span class='ocrx_word' id='word_1_53' title='bbox 414 1680 538 1776; x_wconf 87' lang='lat' dir='ltr'><strong>parcit</strong></span> <span class='ocrx_word' id='word_1_54' title='bbox 560 1678 727 1755; x_wconf 91' lang='lat' dir='ltr'><strong>imbellis</strong></span> <span class='ocrx_word' id='word_1_55' title='bbox 752 1681 931 1757; x_wconf 84' lang='lat' dir='ltr'><strong>iuventae</strong></span> 
     </span>
     <span class='ocr_line' id='line_1_12' title="bbox 355 1802 960 1905; baseline 0.005 -27"><span class='ocrx_word' id='word_1_56' title='bbox 355 1802 573 1901; x_wconf 92' lang='lat' dir='ltr'><strong>Poplitibus</strong></span> <span class='ocrx_word' id='word_1_57' title='bbox 599 1804 814 1905; x_wconf 92' lang='lat' dir='ltr'><strong>timidoque</strong></span> <span class='ocrx_word' id='word_1_58' title='bbox 839 1819 960 1905; x_wconf 84' lang='lat' dir='ltr'><strong>tergo.</strong></span> 
     </span>
    </p>
   </div>
   <div class='ocr_carea' id='block_1_5' title="bbox 252 1953 948 2178">
    <p class='ocr_par' dir='ltr' id='par_1_5' title="bbox 252 1953 948 2178">
     <span class='ocr_line' id='line_1_13' title="bbox 256 1953 948 2054; baseline 0.01 -28"><span class='ocrx_word' id='word_1_59' title='bbox 256 1954 387 2028; x_wconf 87' lang='lat' dir='ltr'><strong>Virtus</strong></span> <span class='ocrx_word' id='word_1_60' title='bbox 412 1953 589 2054; x_wconf 79' lang='lat' dir='ltr'><strong>repulsae</strong></span> <span class='ocrx_word' id='word_1_61' title='bbox 614 1957 742 2032; x_wconf 85' lang='lat' dir='ltr'><strong>nescia</strong></span> <span class='ocrx_word' id='word_1_62' title='bbox 767 1957 948 2034; x_wconf 88' lang='lat' dir='ltr'><strong>sordidae</strong></span> 
     </span>
     <span class='ocr_line' id='line_1_14' title="bbox 252 2077 878 2178; baseline 0.006 -26"><span class='ocrx_word' id='word_1_63' title='bbox 252 2077 499 2154; x_wconf 86' lang='lat' dir='ltr'><strong>Intaminatis</strong></span> <span class='ocrx_word' id='word_1_64' title='bbox 525 2079 648 2178; x_wconf 82' lang='lat' dir='ltr'><strong>fulget</strong></span> <span class='ocrx_word' id='word_1_65' title='bbox 668 2080 878 2157; x_wconf 90' lang='lat' dir='ltr'><strong>honoribus</strong></span> 
     </span>
    </p>
   </div>
   <div class='ocr_carea' id='block_1_6' title="bbox 209 2203 923 2430">
    <p class='ocr_par' dir='ltr' id='par_1_6' title="bbox 209 2203 923 2430">
     <span class='ocr_line' id='line_1_15' title="bbox 302 2203 923 2303; baseline 0.003 -23"><span class='ocrx_word' id='word_1_66' title='bbox 302 2203 385 2281; x_wconf 89' lang='lat' dir='ltr'><strong>Nec</strong></span> <span class='ocrx_word' id='word_1_67' title='bbox 409 2205 525 2280; x_wconf 91' lang='lat' dir='ltr'><strong>sumit</strong></span> <span class='ocrx_word' id='word_1_68' title='bbox 549 2217 617 2280; x_wconf 85' lang='lat' dir='ltr'><strong>aut</strong></span> <span class='ocrx_word' id='word_1_69' title='bbox 637 2207 749 2303; x_wconf 91' lang='lat' dir='ltr'><strong>ponit</strong></span> <span class='ocrx_word' id='word_1_70' title='bbox 772 2231 923 2282; x_wconf 88' lang='lat' dir='ltr'><strong>secures</strong></span> 
     </span>
     <span class='ocr_line' id='line_1_16' title="bbox 209 2327 912 2430; baseline 0.009 -31"><span class='ocrx_word' id='word_1_71' title='bbox 209 2359 236 2399; x_wconf 76' lang='lat' dir='ltr'><strong>ss</strong></span> <span class='ocrx_word' id='word_1_72' title='bbox 364 2327 536 2405; x_wconf 83' lang='lat' dir='ltr'><strong>Arbitrio</strong></span> <span class='ocrx_word' id='word_1_73' title='bbox 564 2331 760 2430; x_wconf 85' lang='lat' dir='ltr'><strong>popularis</strong></span> <span class='ocrx_word' id='word_1_74' title='bbox 787 2356 912 2406; x_wconf 85' lang='lat' dir='ltr'><strong>aurae.</strong></span> 
     </span>
    </p>
   </div>
   <div class='ocr_carea' id='block_1_7' title="bbox 70 2565 1255 4712">
    <p class='ocr_par' dir='ltr' id='par_1_7' title="bbox 77 2565 1255 2711">
     <span class='ocr_line' id='line_1_17' title="bbox 78 2565 1255 2640; baseline 0 -18"><span class='ocrx_word' id='word_1_75' title='bbox 78 2583 132 2631; x_wconf 86' lang='lat' dir='ltr'><strong>ren,</strong></span> <span class='ocrx_word' id='word_1_76' title='bbox 147 2567 193 2637; x_wconf 87' lang='lat' dir='ltr'><strong>qui</strong></span> <span class='ocrx_word' id='word_1_77' title='bbox 211 2567 249 2623; x_wconf 89' lang='lat' dir='ltr'><strong>ad</strong></span> <span class='ocrx_word' id='word_1_78' title='bbox 269 2567 346 2623; x_wconf 82' lang='lat' dir='ltr'><strong>hanc</strong></span> <span class='ocrx_word' id='word_1_79' title='bbox 363 2584 489 2623; x_wconf 83' lang='lat' dir='ltr'><strong>severam</strong></span> <span class='ocrx_word' id='word_1_80' title='bbox 510 2567 631 2639; x_wconf 86' lang='lat' dir='ltr'><strong>discipli·</strong></span> <span class='ocrx_word' id='word_1_81' title='bbox 681 2567 759 2627; x_wconf 88' lang='lat' dir='ltr'><strong>cuius</strong></span> <span class='ocrx_word' id='word_1_82' title='bbox 788 2565 925 2623; x_wconf 81' lang='lat' dir='ltr'><strong>foederati</strong></span> <span class='ocrx_word' id='word_1_83' title='bbox 953 2567 1026 2635; x_wconf 84' lang='lat' dir='ltr'><strong>filio,</strong></span> <span class='ocrx_word' id='word_1_84' title='bbox 1056 2569 1104 2640; x_wconf 90' lang='lat' dir='ltr'><strong>qui</strong></span> <span class='ocrx_word' id='word_1_85' title='bbox 1136 2570 1255 2639; x_wconf 87' lang='lat' dir='ltr'><strong>propter</strong></span> 
     </span>
     <span class='ocr_line' id='line_1_18' title="bbox 77 2638 1035 2711; baseline 0.004 -20"><span class='ocrx_word' id='word_1_86' title='bbox 77 2654 124 2691; x_wconf 82' lang='lat' dir='ltr'><strong>nan</strong></span> <span class='ocrx_word' id='word_1_87' title='bbox 140 2656 197 2694; x_wconf 87' lang='lat' dir='ltr'><strong>sese</strong></span> <span class='ocrx_word' id='word_1_88' title='bbox 211 2640 361 2695; x_wconf 81' lang='lat' dir='ltr'><strong>formavit.</strong></span> <span class='ocrx_word' id='word_1_89' title='bbox 377 2638 525 2710; x_wconf 76' lang='lat' dir='ltr'><strong>Sapienter</strong></span> <span class='ocrx_word' id='word_1_90' title='bbox 536 2644 630 2695; x_wconf 88' lang='lat' dir='ltr'><strong>sutem</strong></span> <span class='ocrx_word' id='word_1_91' title='bbox 680 2658 811 2711; x_wconf 83' lang='lat' dir='ltr'><strong>sponsam</strong></span> <span class='ocrx_word' id='word_1_92' title='bbox 828 2640 932 2695; x_wconf 85' lang='lat' dir='ltr'><strong>auxilio</strong></span> <span class='ocrx_word' id='word_1_93' title='bbox 950 2640 1035 2695; x_wconf 76' lang='lat' dir='ltr'><strong>venit,</strong></span> 
     </span>
    </p>

    <p class='ocr_par' dir='ltr' id='par_1_8' title="bbox 70 2710 1255 4712">
     <span class='ocr_line' id='line_1_19' title="bbox 75 2710 1253 2784; baseline 0.003 -20"><span class='ocrx_word' id='word_1_94' title='bbox 75 2717 141 2776; x_wconf 85' lang='lat' dir='ltr'><strong>ports</strong></span> <span class='ocrx_word' id='word_1_95' title='bbox 163 2713 337 2782; x_wconf 63' lang='lat' dir='ltr'><strong>muntem</strong></span> <span class='ocrx_word' id='word_1_96' title='bbox 359 2711 505 2766; x_wconf 86' lang='lat' dir='ltr'><strong>doctrinae</strong></span> <span class='ocrx_word' id='word_1_97' title='bbox 522 2712 631 2784; x_wconf 78' lang='lat' dir='ltr'><strong>mitiga·</strong></span> <span class='ocrx_word' id='word_1_98' title='bbox 716 2712 749 2767; x_wconf 87' lang='lat' dir='ltr'><strong>V.</strong></span> <span class='ocrx_word' id='word_1_99' title='bbox 761 2715 802 2765; x_wconf 82' lang='lat'><strong>13.</strong></span> <span class='ocrx_word' id='word_1_100' title='bbox 838 2712 918 2783; x_wconf 81' lang='lat' dir='ltr'><strong>mort]</strong></span> <span class='ocrx_word' id='word_1_101' title='bbox 943 2712 978 2767; x_wconf 85' lang='lat' dir='ltr'><strong>ci.</strong></span> <span class='ocrx_word' id='word_1_102' title='bbox 1001 2712 1090 2767; x_wconf 85' lang='lat' dir='ltr'><strong>Carm.</strong></span> <span class='ocrx_word' id='word_1_103' title='bbox 1110 2710 1155 2780; x_wconf 84' lang='lat' dir='ltr'><strong>lv,</strong></span> <span class='ocrx_word' id='word_1_104' title='bbox 1175 2714 1200 2781; x_wconf 83' lang='lat'><strong>9,</strong></span> <span class='ocrx_word' id='word_1_105' title='bbox 1220 2714 1253 2767; x_wconf 86' lang='lat'><strong>51</strong></span> 
     </span>
     <span class='ocr_line' id='line_1_20' title="bbox 75 2776 1254 2855; baseline 0.001 -21"><span class='ocrx_word' id='word_1_106' title='bbox 75 2780 104 2835; x_wconf 79' lang='lat' dir='ltr'><strong>rit</strong></span> <span class='ocrx_word' id='word_1_107' title='bbox 120 2784 233 2854; x_wconf 81' lang='lat' dir='ltr'><strong>exempli</strong></span> <span class='ocrx_word' id='word_1_108' title='bbox 252 2788 284 2837; x_wconf 89' lang='lat' dir='ltr'><strong>et</strong></span> <span class='ocrx_word' id='word_1_109' title='bbox 302 2782 432 2853; x_wconf 75' lang='lat' dir='ltr'><strong>picturae</strong></span> <span class='ocrx_word' id='word_1_110' title='bbox 450 2783 630 2839; x_wconf 70' lang='lat' dir='ltr'><strong>viridissimis</strong></span> <span class='ocrx_word' id='word_1_111' title='bbox 680 2802 731 2854; x_wconf 64' lang='lat' dir='ltr'><strong>sq„</strong></span> <span class='ocrx_word' id='word_1_112' title='bbox 750 2786 780 2837; x_wconf 89' lang='lat' dir='ltr'><strong>et</strong></span> <span class='ocrx_word' id='word_1_113' title='bbox 799 2782 948 2853; x_wconf 84' lang='lat' dir='ltr'><strong>Tyrtaeus:</strong></span> <span class='ocrx_word' id='word_1_114' title='bbox 983 2776 1175 2855; x_wconf 74' lang='grc' dir='ltr'><strong><em>»Τεθνᾶμεναι</em></strong></span> <span class='ocrx_word' id='word_1_115' title='bbox 1200 2780 1254 2853; x_wconf 81' lang='grc' dir='ltr'><strong>γὰρ</strong></span> 
     </span>
     <span class='ocr_line' id='line_1_21' title="bbox 74 2847 1254 2928; baseline 0.002 -23"><span class='ocrx_word' id='word_1_116' title='bbox 74 2852 189 2908; x_wconf 82' lang='lat' dir='ltr'><strong>tutoribus</strong></span> <span class='ocrx_word' id='word_1_117' title='bbox 206 2855 363 2909; x_wconf 73' lang='lat' dir='ltr'><strong>distinctae</strong></span> <span class='ocrx_word' id='word_1_118' title='bbox 373 2854 511 2909; x_wconf 79' lang='lat' dir='ltr'><strong>suavitate</strong></span> <span class='ocrx_word' id='word_1_119' title='bbox 523 2860 552 2909; x_wconf 79' lang='lat' dir='ltr'><strong>et</strong></span> <span class='ocrx_word' id='word_1_120' title='bbox 567 2873 631 2927; x_wconf 79' lang='lat' dir='ltr'><strong>gra·</strong></span> <span class='ocrx_word' id='word_1_121' title='bbox 681 2851 766 2911; x_wconf 76' lang='grc' dir='ltr'><strong><em>καλὸν</em></strong></span> <span class='ocrx_word' id='word_1_122' title='bbox 784 2856 831 2909; x_wconf 68' lang='grc' dir='ltr'><strong>ἐπὶ</strong></span> <span class='ocrx_word' id='word_1_123' title='bbox 843 2848 1015 2928; x_wconf 78' lang='grc' dir='ltr'><em>προμάχοισι</em></span> <span class='ocrx_word' id='word_1_124' title='bbox 1034 2850 1155 2909; x_wconf 80' lang='grc' dir='ltr'><strong><em>πεσόντα</em></strong></span> <span class='ocrx_word' id='word_1_125' title='bbox 1166 2847 1254 2925; x_wconf 73' lang='grc' dir='ltr'><em>Ἄνδρ’</em></span> 
     </span>
     <span class='ocr_line' id='line_1_22' title="bbox 74 2911 1250 3001; baseline -0.001 -20"><span class='ocrx_word' id='word_1_126' title='bbox 74 2922 115 2989; x_wconf 81' lang='lat' dir='ltr'><strong>o&#39;s;</strong></span> <span class='ocrx_word' id='word_1_127' title='bbox 133 2942 199 2995; x_wconf 71' lang='lat' dir='ltr'><strong>quae</strong></span> <span class='ocrx_word' id='word_1_128' title='bbox 215 2926 293 2981; x_wconf 73' lang='lat' dir='ltr'><strong>ratio</strong></span> <span class='ocrx_word' id='word_1_129' title='bbox 313 2929 348 2979; x_wconf 78' lang='lat' dir='ltr'><strong>ut</strong></span> <span class='ocrx_word' id='word_1_130' title='bbox 363 2925 459 2997; x_wconf 80' lang='lat' dir='ltr'><strong>aptior</strong></span> <span class='ocrx_word' id='word_1_131' title='bbox 477 2928 520 2979; x_wconf 81' lang='lat' dir='ltr'><strong>eat</strong></span> <span class='ocrx_word' id='word_1_132' title='bbox 538 2927 573 2981; x_wconf 84' lang='lat' dir='ltr'><strong>ad</strong></span> <span class='ocrx_word' id='word_1_133' title='bbox 592 2928 631 2995; x_wconf 81' lang='lat' dir='ltr'><strong>ly·</strong></span> <span class='ocrx_word' id='word_1_134' title='bbox 680 2923 792 2997; x_wconf 76' lang='grc' dir='ltr'><strong><em>ἆγαθὸν</em></strong></span> <span class='ocrx_word' id='word_1_135' title='bbox 803 2930 866 2997; x_wconf 76' lang='grc' dir='ltr'><strong>περὶ</strong></span> <span class='ocrx_word' id='word_1_136' title='bbox 883 2911 898 3001; x_wconf 70' lang='grc' dir='ltr'><strong><em>ᾖ</em></strong></span> <span class='ocrx_word' id='word_1_137' title='bbox 917 2946 970 2979; x_wconf 75' lang='grc' dir='ltr'><strong>παπ</strong></span> <span class='ocrx_word' id='word_1_138' title='bbox 990 2926 1027 2979; x_wconf 78' lang='lat' dir='ltr'><strong>[dr</strong></span> <span class='ocrx_word' id='word_1_139' title='bbox 1045 2920 1250 2998; x_wconf 65' lang='lat' dir='ltr'><strong>papvdptevovs</strong></span> 
     </span>
     <span class='ocr_line' id='line_1_23' title="bbox 74 2946 1253 3067; baseline 0.003 -20"><span class='ocrx_word' id='word_1_140' title='bbox 74 2995 140 3049; x_wconf 65' lang='lat' dir='ltr'><strong>mun</strong></span> <span class='ocrx_word' id='word_1_141' title='bbox 164 3016 252 3067; x_wconf 77' lang='lat' dir='ltr'><strong>gsnus</strong></span> <span class='ocrx_word' id='word_1_142' title='bbox 282 2998 327 3051; x_wconf 79' lang='lat' dir='ltr'><strong>ita</strong></span> <span class='ocrx_word' id='word_1_143' title='bbox 360 2997 467 3051; x_wconf 86' lang='lat' dir='ltr'><strong>animos</strong></span> <span class='ocrx_word' id='word_1_144' title='bbox 499 2996 632 3052; x_wconf 83' lang='lat' dir='ltr'><strong>iuvenum</strong></span> <span class='ocrx_word' id='word_1_145' title='bbox 682 2946 1253 3065; x_wconf 49' lang='grc' dir='ltr'>0111111111»ὅῑοιιηηαιαηιοη</span> 
     </span>
     <span class='ocr_line' id='line_1_24' title="bbox 74 3068 1255 3191; baseline 0 -69"><span class='ocrx_word' id='word_1_146' title='bbox 74 3070 242 3191; x_wconf 54' lang='lat' dir='ltr'><strong>&#39;pjpaculum</strong></span> <span class='ocrx_word' id='word_1_147' title='bbox 259 3068 335 3123; x_wconf 89' lang='lat' dir='ltr'><strong>balli</strong></span> <span class='ocrx_word' id='word_1_148' title='bbox 350 3070 430 3137; x_wconf 89' lang='lat' dir='ltr'><strong>quasi</strong></span> <span class='ocrx_word' id='word_1_149' title='bbox 444 3069 630 3137; x_wconf 73' lang='lat' dir='ltr'><strong>spectantium</strong></span> <span class='ocrx_word' id='word_1_150' title='bbox 681 3087 751 3142; x_wconf 85' lang='lat' dir='ltr'><strong>quaa</strong></span> <span class='ocrx_word' id='word_1_151' title='bbox 770 3073 887 3123; x_wconf 85' lang='lat' dir='ltr'><strong>naturae</strong></span> <span class='ocrx_word' id='word_1_152' title='bbox 907 3068 1002 3123; x_wconf 85' lang='lat' dir='ltr'><strong>debita</strong></span> <span class='ocrx_word' id='word_1_153' title='bbox 1020 3085 1072 3138; x_wconf 89' lang='lat' dir='ltr'><strong>pro</strong></span> <span class='ocrx_word' id='word_1_154' title='bbox 1090 3068 1184 3138; x_wconf 85' lang='lat' dir='ltr'><strong>patria</strong></span> <span class='ocrx_word' id='word_1_155' title='bbox 1211 3072 1255 3122; x_wconf 88' lang='lat' dir='ltr'><strong>est</strong></span> 
     </span>
     <span class='ocr_line' id='line_1_25' title="bbox 75 3135 1253 3213; baseline -0.001 -20"><span class='ocrx_word' id='word_1_156' title='bbox 75 3135 87 3188; x_wconf 79' lang='lat' dir='ltr'><strong>l</strong></span> <span class='ocrx_word' id='word_1_157' title='bbox 123 3138 180 3194; x_wconf 85' lang='lat' dir='ltr'><strong>dius</strong></span> <span class='ocrx_word' id='word_1_158' title='bbox 196 3140 301 3196; x_wconf 86' lang='lat' dir='ltr'><strong>debuit</strong></span> <span class='ocrx_word' id='word_1_159' title='bbox 320 3138 441 3195; x_wconf 80' lang='lat' dir='ltr'><strong>allicere.</strong></span> <span class='ocrx_word' id='word_1_160' title='bbox 460 3138 547 3195; x_wconf 83' lang='lat' dir='ltr'><strong>Grata</strong></span> <span class='ocrx_word' id='word_1_161' title='bbox 563 3140 631 3195; x_wconf 85' lang='lat' dir='ltr'><strong>haec</strong></span> <span class='ocrx_word' id='word_1_162' title='bbox 680 3140 857 3213; x_wconf 87' lang='lat' dir='ltr'><strong>potissimum</strong></span> <span class='ocrx_word' id='word_1_163' title='bbox 886 3140 1026 3194; x_wconf 70' lang='lat' dir='ltr'><strong>redditast«</strong></span> <span class='ocrx_word' id='word_1_164' title='bbox 1057 3170 1090 3180; x_wconf 92' lang='lat'>-</span> <span class='ocrx_word' id='word_1_165' title='bbox 1120 3139 1253 3211; x_wconf 74' lang='lat' dir='ltr'><strong>[opacam]</strong></span> 
     </span>
     <span class='ocr_line' id='line_1_26' title="bbox 73 3202 1253 3282; baseline 0.003 -22"><span class='ocrx_word' id='word_1_166' title='bbox 73 3208 150 3263; x_wconf 79' lang='lat' dir='ltr'><strong>tabula</strong></span> <span class='ocrx_word' id='word_1_167' title='bbox 166 3212 201 3265; x_wconf 87' lang='lat' dir='ltr'><strong>ad</strong></span> <span class='ocrx_word' id='word_1_168' title='bbox 218 3210 385 3281; x_wconf 85' lang='lat' dir='ltr'><strong>exemplum</strong></span> <span class='ocrx_word' id='word_1_169' title='bbox 401 3210 502 3265; x_wconf 87' lang='lat' dir='ltr'><strong>Troiae</strong></span> <span class='ocrx_word' id='word_1_170' title='bbox 519 3212 631 3267; x_wconf 83' lang='lat' dir='ltr'><strong>aGrae·</strong></span> <span class='ocrx_word' id='word_1_171' title='bbox 680 3215 715 3269; x_wconf 86' lang='lat' dir='ltr'><strong>cf.</strong></span> <span class='ocrx_word' id='word_1_172' title='bbox 726 3212 830 3269; x_wconf 86' lang='lat' dir='ltr'><strong>Simon.</strong></span> <span class='ocrx_word' id='word_1_173' title='bbox 840 3210 888 3265; x_wconf 86' lang='lat' dir='ltr'><strong>ir.:</strong></span> <span class='ocrx_word' id='word_1_174' title='bbox 910 3208 940 3265; x_wconf 80' lang='lat' dir='ltr'><strong>»d</strong></span> <span class='ocrx_word' id='word_1_175' title='bbox 960 3212 986 3264; x_wconf 78' lang='grc' dir='ltr'><strong>δ’</strong></span> <span class='ocrx_word' id='word_1_176' title='bbox 1004 3202 1038 3264; x_wconf 79' lang='grc' dir='ltr'><strong>αὖ</strong></span> <span class='ocrx_word' id='word_1_177' title='bbox 1058 3205 1175 3270; x_wconf 71' lang='grc' dir='ltr'><em>θάνατος</em></span> <span class='ocrx_word' id='word_1_178' title='bbox 1193 3214 1253 3282; x_wconf 81' lang='grc' dir='ltr'><em>κίχε</em></span> 
     </span>
     <span class='ocr_line' id='line_1_27' title="bbox 72 3276 1253 3425; baseline 0.002 -22"><span class='ocrx_word' id='word_1_179' title='bbox 72 3280 101 3403; x_wconf 76' lang='lat' dir='ltr'><strong>{i</strong></span> <span class='ocrx_word' id='word_1_180' title='bbox 110 3286 288 3408; x_wconf 63' lang='lat' dir='ltr'><strong>tttttt</strong></span> <span class='ocrx_word' id='word_1_181' title='bbox 302 3286 631 3423; x_wconf 59' lang='lat' dir='ltr'><strong>ilipiiil‘ilitiif</strong></span> <span class='ocrx_word' id='word_1_182' title='bbox 680 3288 726 3411; x_wconf 74' lang='lat' dir='ltr'><strong>tl</strong></span> <span class='ocrx_word' id='word_1_183' title='bbox 742 3280 796 3425; x_wconf 55' lang='lat' dir='ltr'><strong>Ji</strong></span> <span class='ocrx_word' id='word_1_184' title='bbox 827 3276 1253 3408; x_wconf 53' lang='lat' dir='ltr'><strong>etlilitls‘sci&#39;l‘liil‘</strong></span> 
     </span>
     <span class='ocr_line' id='line_1_28' title="bbox 73 3379 1254 3493; baseline 0.003 -20"><span class='ocrx_word' id='word_1_185' title='bbox 73 3420 150 3477; x_wconf 83' lang='lat' dir='ltr'><strong>efficax</strong></span> <span class='ocrx_word' id='word_1_186' title='bbox 174 3443 222 3480; x_wconf 88' lang='lat' dir='ltr'><strong>sus</strong></span> <span class='ocrx_word' id='word_1_187' title='bbox 242 3395 384 3480; x_wconf 71' lang='lat' dir='ltr'><strong>irdntium</strong></span> <span class='ocrx_word' id='word_1_188' title='bbox 407 3424 555 3479; x_wconf 85' lang='lat' dir='ltr'><strong>mulierum</strong></span> <span class='ocrx_word' id='word_1_189' title='bbox 585 3394 630 3479; x_wconf 67' lang='lat' dir='ltr'><strong>de3</strong></span> <span class='ocrx_word' id='word_1_190' title='bbox 681 3379 738 3481; x_wconf 68' lang='lat' dir='ltr'><strong>est⁹</strong></span> <span class='ocrx_word' id='word_1_191' title='bbox 753 3427 892 3493; x_wconf 60' lang='lat' dir='ltr'><strong>timidam</strong></span> <span class='ocrx_word' id='word_1_192' title='bbox 920 3442 976 3479; x_wconf 92' lang='lat' dir='ltr'><strong>non</strong></span> <span class='ocrx_word' id='word_1_193' title='bbox 1005 3422 1154 3493; x_wconf 83' lang='lat' dir='ltr'><strong>separandi</strong></span> <span class='ocrx_word' id='word_1_194' title='bbox 1188 3429 1254 3477; x_wconf 92' lang='lat' dir='ltr'><strong>sunt</strong></span> 
     </span>
     <span class='ocr_line' id='line_1_29' title="bbox 74 3494 1251 3569; baseline 0.001 -23"><span class='ocrx_word' id='word_1_195' title='bbox 74 3494 168 3565; x_wconf 71' lang='lat' dir='ltr'><strong>asiptis</strong></span> <span class='ocrx_word' id='word_1_196' title='bbox 260 3494 441 3552; x_wconf 87' lang='lat' dir='ltr'><strong>incitandam</strong></span> <span class='ocrx_word' id='word_1_197' title='bbox 467 3496 630 3551; x_wconf 87' lang='lat' dir='ltr'><strong>aemulatio·</strong></span> <span class='ocrx_word' id='word_1_198' title='bbox 680 3496 804 3569; x_wconf 86' lang='lat' dir='ltr'><strong>poplites</strong></span> <span class='ocrx_word' id='word_1_199' title='bbox 831 3513 847 3549; x_wconf 83' lang='lat' dir='ltr'><strong>a</strong></span> <span class='ocrx_word' id='word_1_200' title='bbox 878 3500 960 3566; x_wconf 84' lang='lat' dir='ltr'><strong>tergo</strong></span> <span class='ocrx_word' id='word_1_201' title='bbox 986 3495 1036 3550; x_wconf 92' lang='lat' dir='ltr'><strong>sed</strong></span> <span class='ocrx_word' id='word_1_202' title='bbox 1054 3494 1251 3565; x_wconf 82' lang='lat' dir='ltr'><strong>coniungendi,</strong></span> 
     </span>
     <span class='ocr_line' id='line_1_30' title="bbox 71 3566 1254 3639; baseline 0 -20"><span class='ocrx_word' id='word_1_203' title='bbox 71 3580 124 3619; x_wconf 77' lang='lat' dir='ltr'><strong>ten.</strong></span> <span class='ocrx_word' id='word_1_204' title='bbox 141 3566 316 3639; x_wconf 66' lang='lat' dir='ltr'><strong>-lsostirid</strong></span> <span class='ocrx_word' id='word_1_205' title='bbox 333 3566 500 3635; x_wconf 89' lang='lat' dir='ltr'><strong>hostilibus;</strong></span> <span class='ocrx_word' id='word_1_206' title='bbox 518 3566 630 3639; x_wconf 85' lang='lat' dir='ltr'><strong>poetica</strong></span> <span class='ocrx_word' id='word_1_207' title='bbox 680 3574 713 3625; x_wconf 88' lang='lat' dir='ltr'><strong>ut</strong></span> <span class='ocrx_word' id='word_1_208' title='bbox 729 3569 847 3637; x_wconf 79' lang='lat' dir='ltr'><strong>ignavus</strong></span> <span class='ocrx_word' id='word_1_209' title='bbox 865 3566 945 3621; x_wconf 87' lang='lat' dir='ltr'><strong>miles</strong></span> <span class='ocrx_word' id='word_1_210' title='bbox 965 3567 993 3621; x_wconf 88' lang='lat' dir='ltr'><strong>in</strong></span> <span class='ocrx_word' id='word_1_211' title='bbox 1011 3566 1078 3636; x_wconf 83' lang='lat' dir='ltr'><strong>iuga</strong></span> <span class='ocrx_word' id='word_1_212' title='bbox 1096 3568 1173 3619; x_wconf 84' lang='lat' dir='ltr'><strong>totus</strong></span> <span class='ocrx_word' id='word_1_213' title='bbox 1190 3584 1254 3621; x_wconf 87' lang='lat' dir='ltr'><strong>con-</strong></span> 
     </span>
     <span class='ocr_line' id='line_1_31' title="bbox 72 3634 1252 3711; baseline 0 -20"><span class='ocrx_word' id='word_1_214' title='bbox 72 3634 148 3702; x_wconf 79' lang='lat' dir='ltr'><strong>forma,</strong></span> <span class='ocrx_word' id='word_1_215' title='bbox 164 3644 197 3695; x_wconf 90' lang='lat' dir='ltr'><strong>ut</strong></span> <span class='ocrx_word' id='word_1_216' title='bbox 215 3640 338 3702; x_wconf 83' lang='lat' dir='ltr'><strong>ciricus,</strong></span> <span class='ocrx_word' id='word_1_217' title='bbox 358 3639 495 3709; x_wconf 83' lang='lat' dir='ltr'><strong>gentious.</strong></span> <span class='ocrx_word' id='word_1_218' title='bbox 526 3667 558 3678; x_wconf 90' lang='lat'>-</span> <span class='ocrx_word' id='word_1_219' title='bbox 586 3662 630 3694; x_wconf 78' lang='lat' dir='ltr'><strong>su·</strong></span> <span class='ocrx_word' id='word_1_220' title='bbox 680 3639 825 3711; x_wconf 83' lang='lat' dir='ltr'><strong>spiciatur.</strong></span> <span class='ocrx_word' id='word_1_221' title='bbox 872 3638 942 3692; x_wconf 86' lang='lat' dir='ltr'><strong>Vide</strong></span> <span class='ocrx_word' id='word_1_222' title='bbox 961 3638 1047 3692; x_wconf 87' lang='lat' dir='ltr'><strong>etism</strong></span> <span class='ocrx_word' id='word_1_223' title='bbox 1067 3636 1102 3691; x_wconf 89' lang='lat' dir='ltr'><strong>ad</strong></span> <span class='ocrx_word' id='word_1_224' title='bbox 1122 3636 1211 3691; x_wconf 82' lang='lat' dir='ltr'><strong>Garm.</strong></span> <span class='ocrx_word' id='word_1_225' title='bbox 1231 3636 1252 3702; x_wconf 87' lang='lat'><strong>1,</strong></span> 
     </span>
     <span class='ocr_line' id='line_1_32' title="bbox 70 3708 1253 3782; baseline 0 -20"><span class='ocrx_word' id='word_1_226' title='bbox 70 3710 196 3782; x_wconf 72' lang='lat' dir='ltr'><strong>spiretlllt</strong></span> <span class='ocrx_word' id='word_1_227' title='bbox 213 3713 244 3765; x_wconf 89' lang='lat' dir='ltr'><strong>in</strong></span> <span class='ocrx_word' id='word_1_228' title='bbox 263 3710 430 3779; x_wconf 84' lang='lat' dir='ltr'><strong>suspirandi</strong></span> <span class='ocrx_word' id='word_1_229' title='bbox 447 3710 534 3765; x_wconf 81' lang='lat' dir='ltr'><strong>verbo</strong></span> <span class='ocrx_word' id='word_1_230' title='bbox 553 3713 582 3770; x_wconf 82' lang='lat' dir='ltr'><strong>et</strong></span> <span class='ocrx_word' id='word_1_231' title='bbox 599 3710 631 3765; x_wconf 91' lang='lat' dir='ltr'><strong>in</strong></span> <span class='ocrx_word' id='word_1_232' title='bbox 679 3715 750 3777; x_wconf 85' lang='lat'>2,1.</span> <span class='ocrx_word' id='word_1_233' title='bbox 783 3738 815 3748; x_wconf 91' lang='lat'>-</span> <span class='ocrx_word' id='word_1_234' title='bbox 842 3710 1023 3781; x_wconf 79' lang='lat' dir='ltr'><strong>persequitur]</strong></span> <span class='ocrx_word' id='word_1_235' title='bbox 1042 3708 1094 3763; x_wconf 85' lang='lat' dir='ltr'><strong>ie</strong></span> <span class='ocrx_word' id='word_1_236' title='bbox 1126 3708 1253 3776; x_wconf 90' lang='lat' dir='ltr'><strong>sequitur</strong></span> 
     </span>
     <span class='ocr_line' id='line_1_33' title="bbox 71 3779 1252 3851; baseline -0.001 -17"><span class='ocrx_word' id='word_1_237' title='bbox 71 3782 185 3845; x_wconf 67' lang='lat' dir='ltr'><strong>pericula</strong></span> <span class='ocrx_word' id='word_1_238' title='bbox 202 3787 270 3837; x_wconf 74' lang='lat' dir='ltr'><strong>eheu</strong></span> <span class='ocrx_word' id='word_1_239' title='bbox 292 3780 440 3835; x_wconf 88' lang='lat' dir='ltr'><strong>metuendi</strong></span> <span class='ocrx_word' id='word_1_240' title='bbox 454 3782 534 3837; x_wconf 91' lang='lat' dir='ltr'><strong>notio</strong></span> <span class='ocrx_word' id='word_1_241' title='bbox 546 3782 629 3850; x_wconf 90' lang='lat' dir='ltr'><strong>inest,</strong></span> <span class='ocrx_word' id='word_1_242' title='bbox 679 3789 709 3837; x_wconf 91' lang='lat' dir='ltr'><strong>et</strong></span> <span class='ocrx_word' id='word_1_243' title='bbox 726 3779 917 3850; x_wconf 88' lang='lat' dir='ltr'><strong>consequitur,</strong></span> <span class='ocrx_word' id='word_1_244' title='bbox 949 3798 1013 3835; x_wconf 87' lang='lat' dir='ltr'><strong>nam</strong></span> <span class='ocrx_word' id='word_1_245' title='bbox 1038 3780 1086 3850; x_wconf 89' lang='lat' dir='ltr'><strong>qui</strong></span> <span class='ocrx_word' id='word_1_246' title='bbox 1108 3780 1252 3851; x_wconf 86' lang='lat' dir='ltr'><strong>persequi·</strong></span> 
     </span>
     <span class='ocr_line' id='line_1_34' title="bbox 71 3850 1252 3925; baseline 0.003 -24"><span class='ocrx_word' id='word_1_247' title='bbox 71 3850 126 3903; x_wconf 84' lang='lat' dir='ltr'><strong>unde</strong></span> <span class='ocrx_word' id='word_1_248' title='bbox 145 3853 299 3925; x_wconf 85' lang='lat' dir='ltr'><strong>insequens</strong></span> <span class='ocrx_word' id='word_1_249' title='bbox 325 3852 467 3907; x_wconf 87' lang='lat' dir='ltr'><strong>sententia</strong></span> <span class='ocrx_word' id='word_1_250' title='bbox 493 3874 525 3908; x_wconf 77' lang='lat' dir='ltr'><strong>ne</strong></span> <span class='ocrx_word' id='word_1_251' title='bbox 562 3854 629 3908; x_wconf 86' lang='lat' dir='ltr'><strong>arti·</strong></span> <span class='ocrx_word' id='word_1_252' title='bbox 678 3860 727 3909; x_wconf 89' lang='lat' dir='ltr'><strong>tur</strong></span> <span class='ocrx_word' id='word_1_253' title='bbox 745 3870 802 3906; x_wconf 92' lang='lat' dir='ltr'><strong>non</strong></span> <span class='ocrx_word' id='word_1_254' title='bbox 821 3850 923 3905; x_wconf 85' lang='lat' dir='ltr'><strong>desinit</strong></span> <span class='ocrx_word' id='word_1_255' title='bbox 945 3850 1032 3921; x_wconf 83' lang='lat' dir='ltr'><strong>sequi.</strong></span> <span class='ocrx_word' id='word_1_256' title='bbox 1065 3880 1097 3889; x_wconf 93' lang='lat'>-</span> <span class='ocrx_word' id='word_1_257' title='bbox 1126 3854 1252 3921; x_wconf 79' lang='lat' dir='ltr'><strong>repulsae</strong></span> 
     </span>
     <span class='ocr_line' id='line_1_35' title="bbox 70 3872 1253 3995; baseline -0.001 -18"><span class='ocrx_word' id='word_1_258' title='bbox 70 3921 130 3977; x_wconf 76' lang='lat' dir='ltr'><strong>ulae</strong></span> <span class='ocrx_word' id='word_1_259' title='bbox 145 3944 194 3995; x_wconf 87' lang='lat' dir='ltr'><strong>ope</strong></span> <span class='ocrx_word' id='word_1_260' title='bbox 212 3926 365 3980; x_wconf 76' lang='lat' dir='ltr'><strong>adhaeret.</strong></span> <span class='ocrx_word' id='word_1_261' title='bbox 383 3922 419 3979; x_wconf 81' lang='lat' dir='ltr'><strong>cf.</strong></span> <span class='ocrx_word' id='word_1_262' title='bbox 436 3872 593 3990; x_wconf 26' lang='lat' dir='ltr'><strong>Camila</strong></span> <span class='ocrx_word' id='word_1_263' title='bbox 602 3928 627 3981; x_wconf 85' lang='lat'><strong>5.</strong></span> <span class='ocrx_word' id='word_1_264' title='bbox 679 3924 783 3991; x_wconf 73' lang='lat' dir='ltr'><strong>nescia}</strong></span> <span class='ocrx_word' id='word_1_265' title='bbox 813 3922 879 3992; x_wconf 88' lang='lat' dir='ltr'><strong>quia</strong></span> <span class='ocrx_word' id='word_1_266' title='bbox 903 3922 952 3991; x_wconf 89' lang='lat' dir='ltr'><strong>qui</strong></span> <span class='ocrx_word' id='word_1_267' title='bbox 978 3922 1082 3977; x_wconf 88' lang='lat' dir='ltr'><strong>virtute</strong></span> <span class='ocrx_word' id='word_1_268' title='bbox 1109 3927 1253 3991; x_wconf 86' lang='lat' dir='ltr'><strong>praestant</strong></span> 
     </span>
     <span class='ocr_line' id='line_1_36' title="bbox 72 3994 1253 4079; baseline 0.002 -34"><span class='ocrx_word' id='word_1_269' title='bbox 72 4020 92 4028; x_wconf 95' lang='lat'><em>-</em></span> <span class='ocrx_word' id='word_1_270' title='bbox 110 3996 248 4079; x_wconf 64' lang='lat' dir='ltr'><strong>sparteus]</strong></span> <span class='ocrx_word' id='word_1_271' title='bbox 276 3994 426 4065; x_wconf 83' lang='lat' dir='ltr'><strong>pugnandi</strong></span> <span class='ocrx_word' id='word_1_272' title='bbox 452 3994 528 4051; x_wconf 81' lang='lat' dir='ltr'><strong>inter</strong></span> <span class='ocrx_word' id='word_1_273' title='bbox 543 3997 627 4051; x_wconf 89' lang='lat' dir='ltr'><strong>scies.</strong></span> <span class='ocrx_word' id='word_1_274' title='bbox 679 4013 768 4065; x_wconf 88' lang='lat' dir='ltr'><strong>neque</strong></span> <span class='ocrx_word' id='word_1_275' title='bbox 789 3994 909 4047; x_wconf 85' lang='lat' dir='ltr'><strong>honores</strong></span> <span class='ocrx_word' id='word_1_276' title='bbox 928 3996 1027 4063; x_wconf 84' lang='lat' dir='ltr'><strong>petunt</strong></span> <span class='ocrx_word' id='word_1_277' title='bbox 1048 4010 1064 4046; x_wconf 90' lang='lat' dir='ltr'><strong>a</strong></span> <span class='ocrx_word' id='word_1_278' title='bbox 1082 3994 1187 4063; x_wconf 89' lang='lat' dir='ltr'><strong>populo</strong></span> <span class='ocrx_word' id='word_1_279' title='bbox 1205 4011 1253 4047; x_wconf 90' lang='lat' dir='ltr'><strong>ne·</strong></span> 
     </span>
     <span class='ocr_line' id='line_1_37' title="bbox 72 4062 1252 4137; baseline -0.004 -15"><span class='ocrx_word' id='word_1_280' title='bbox 72 4062 170 4133; x_wconf 59' lang='lat' dir='ltr'><strong>drutus</strong></span> <span class='ocrx_word' id='word_1_281' title='bbox 196 4085 276 4123; x_wconf 86' lang='lat' dir='ltr'><strong>emm</strong></span> <span class='ocrx_word' id='word_1_282' title='bbox 303 4066 380 4135; x_wconf 87' lang='lat' dir='ltr'><strong>apud</strong></span> <span class='ocrx_word' id='word_1_283' title='bbox 405 4071 503 4135; x_wconf 86' lang='lat' dir='ltr'><strong>poetas</strong></span> <span class='ocrx_word' id='word_1_284' title='bbox 528 4067 629 4121; x_wconf 87' lang='lat' dir='ltr'><strong>talium</strong></span> <span class='ocrx_word' id='word_1_285' title='bbox 679 4085 732 4137; x_wconf 87' lang='lat' dir='ltr'><strong>que</strong></span> <span class='ocrx_word' id='word_1_286' title='bbox 750 4066 832 4120; x_wconf 89' lang='lat' dir='ltr'><strong>aliam</strong></span> <span class='ocrx_word' id='word_1_287' title='bbox 851 4082 947 4119; x_wconf 83' lang='lat' dir='ltr'><strong>reram</strong></span> <span class='ocrx_word' id='word_1_288' title='bbox 965 4082 1025 4119; x_wconf 90' lang='lat' dir='ltr'><strong>esse</strong></span> <span class='ocrx_word' id='word_1_289' title='bbox 1043 4064 1139 4119; x_wconf 89' lang='lat' dir='ltr'><strong>sciunt</strong></span> <span class='ocrx_word' id='word_1_290' title='bbox 1163 4063 1252 4135; x_wconf 83' lang='lat' dir='ltr'><strong>digni·</strong></span> 
     </span>
     <span class='ocr_line' id='line_1_38' title="bbox 70 4135 1252 4205; baseline -0.002 -14"><span class='ocrx_word' id='word_1_291' title='bbox 70 4148 143 4191; x_wconf 73' lang='lat' dir='ltr'><strong>tuom</strong></span> <span class='ocrx_word' id='word_1_292' title='bbox 157 4156 215 4194; x_wconf 88' lang='lat' dir='ltr'><strong>non</strong></span> <span class='ocrx_word' id='word_1_293' title='bbox 227 4138 458 4193; x_wconf 85' lang='lat' dir='ltr'><strong>anxiosomnino</strong></span> <span class='ocrx_word' id='word_1_294' title='bbox 475 4140 627 4195; x_wconf 82' lang='lat' dir='ltr'><strong>exereitum</strong></span> <span class='ocrx_word' id='word_1_295' title='bbox 678 4142 768 4193; x_wconf 86' lang='lat' dir='ltr'><strong>tatem</strong></span> <span class='ocrx_word' id='word_1_296' title='bbox 794 4136 850 4190; x_wconf 89' lang='lat' dir='ltr'><strong>nisi</strong></span> <span class='ocrx_word' id='word_1_297' title='bbox 877 4153 938 4191; x_wconf 83' lang='lat' dir='ltr'><strong>eam</strong></span> <span class='ocrx_word' id='word_1_298' title='bbox 962 4153 1045 4205; x_wconf 82' lang='lat' dir='ltr'><strong>quam</strong></span> <span class='ocrx_word' id='word_1_299' title='bbox 1073 4135 1162 4189; x_wconf 85' lang='lat' dir='ltr'><strong>virtus</strong></span> <span class='ocrx_word' id='word_1_300' title='bbox 1190 4136 1252 4204; x_wconf 90' lang='lat' dir='ltr'><strong>ipss</strong></span> 
     </span>
     <span class='ocr_line' id='line_1_39' title="bbox 70 4205 1250 4281; baseline -0.003 -17"><span class='ocrx_word' id='word_1_301' title='bbox 70 4219 134 4276; x_wconf 74' lang='lat' dir='ltr'><strong>saepe</strong></span> <span class='ocrx_word' id='word_1_302' title='bbox 147 4210 313 4281; x_wconf 78' lang='lat' dir='ltr'><strong>significant</strong></span> <span class='ocrx_word' id='word_1_303' title='bbox 330 4214 361 4263; x_wconf 87' lang='lat' dir='ltr'><strong>et</strong></span> <span class='ocrx_word' id='word_1_304' title='bbox 376 4209 473 4262; x_wconf 87' lang='lat' dir='ltr'><strong>sciam.</strong></span> <span class='ocrx_word' id='word_1_305' title='bbox 492 4210 626 4265; x_wconf 78' lang='lat' dir='ltr'><strong>ciCarm.</strong></span> <span class='ocrx_word' id='word_1_306' title='bbox 676 4211 793 4264; x_wconf 87' lang='lat' dir='ltr'><strong>tribuat.</strong></span> <span class='ocrx_word' id='word_1_307' title='bbox 833 4206 884 4274; x_wconf 79' lang='lat' dir='ltr'><strong>Qui</strong></span> <span class='ocrx_word' id='word_1_308' title='bbox 910 4208 950 4261; x_wconf 90' lang='lat' dir='ltr'><strong>sic</strong></span> <span class='ocrx_word' id='word_1_309' title='bbox 977 4206 1112 4271; x_wconf 86' lang='lat' dir='ltr'><strong>sentiunt,</strong></span> <span class='ocrx_word' id='word_1_310' title='bbox 1139 4206 1173 4259; x_wconf 89' lang='lat' dir='ltr'><strong>iis</strong></span> <span class='ocrx_word' id='word_1_311' title='bbox 1202 4205 1250 4260; x_wconf 91' lang='lat' dir='ltr'><strong>ho·</strong></span> 
     </span>
     <span class='ocr_line' id='line_1_40' title="bbox 70 4272 1252 4351; baseline -0.003 -16"><span class='ocrx_word' id='word_1_312' title='bbox 70 4272 106 4342; x_wconf 81' lang='grc' dir='ltr'><strong>ῙΠ,</strong></span> <span class='ocrx_word' id='word_1_313' title='bbox 122 4282 146 4343; x_wconf 79' lang='lat' dir='ltr'><strong>t,</strong></span> <span class='ocrx_word' id='word_1_314' title='bbox 163 4285 204 4337; x_wconf 86' lang='lat'><strong>18.</strong></span> <span class='ocrx_word' id='word_1_315' title='bbox 225 4280 276 4347; x_wconf 77' lang='grc' dir='ltr'><strong>Π,</strong></span> <span class='ocrx_word' id='word_1_316' title='bbox 300 4282 343 4344; x_wconf 80' lang='grc'>14,</span> <span class='ocrx_word' id='word_1_317' title='bbox 363 4282 407 4335; x_wconf 86' lang='grc'><strong>29.</strong></span> <span class='ocrx_word' id='word_1_318' title='bbox 443 4279 626 4351; x_wconf 56' lang='grc' dir='ltr'>11ρο1119.</span> <span class='ocrx_word' id='word_1_319' title='bbox 676 4296 774 4336; x_wconf 88' lang='lat' dir='ltr'><strong>norem</strong></span> <span class='ocrx_word' id='word_1_320' title='bbox 800 4296 891 4347; x_wconf 89' lang='lat' dir='ltr'><strong>neque</strong></span> <span class='ocrx_word' id='word_1_321' title='bbox 915 4278 981 4333; x_wconf 84' lang='lat' dir='ltr'><strong>data</strong></span> <span class='ocrx_word' id='word_1_322' title='bbox 1006 4294 1122 4331; x_wconf 87' lang='lat' dir='ltr'><strong>munere</strong></span> <span class='ocrx_word' id='word_1_323' title='bbox 1147 4281 1252 4347; x_wconf 81' lang='lat' dir='ltr'><strong>sugent</strong></span> 
     </span>
     <span class='ocr_line' id='line_1_41' title="bbox 71 4344 1250 4421; baseline -0.006 -13"><span class='ocrx_word' id='word_1_324' title='bbox 71 4344 190 4419; x_wconf 67' lang='grc'>311111,</span> <span class='ocrx_word' id='word_1_325' title='bbox 202 4357 246 4408; x_wconf 85' lang='grc'>14.</span> <span class='ocrx_word' id='word_1_326' title='bbox 267 4352 404 4421; x_wconf 89' lang='lat' dir='ltr'><strong>Iniquum</strong></span> <span class='ocrx_word' id='word_1_327' title='bbox 421 4349 456 4406; x_wconf 87' lang='lat' dir='ltr'><strong>de</strong></span> <span class='ocrx_word' id='word_1_328' title='bbox 475 4353 626 4407; x_wconf 84' lang='lat' dir='ltr'><strong>uerborum</strong></span> <span class='ocrx_word' id='word_1_329' title='bbox 677 4369 767 4420; x_wconf 89' lang='lat' dir='ltr'><strong>neque</strong></span> <span class='ocrx_word' id='word_1_330' title='bbox 786 4352 888 4419; x_wconf 82' lang='lat' dir='ltr'><strong>negata</strong></span> <span class='ocrx_word' id='word_1_331' title='bbox 907 4350 1044 4404; x_wconf 86' lang='lat' dir='ltr'><strong>minuunt.</strong></span> <span class='ocrx_word' id='word_1_332' title='bbox 1070 4347 1204 4403; x_wconf 74' lang='lat' dir='ltr'><strong>cicarm.</strong></span> <span class='ocrx_word' id='word_1_333' title='bbox 1216 4348 1250 4416; x_wconf 91' lang='grc' dir='ltr'><strong>ΙΙ,</strong></span> 
     </span>
     <span class='ocr_line' id='line_1_42' title="bbox 71 4420 1251 4504; baseline -0.001 -29"><span class='ocrx_word' id='word_1_334' title='bbox 71 4427 92 4497; x_wconf 65' lang='lat' dir='ltr'><strong>tt</strong></span> <span class='ocrx_word' id='word_1_335' title='bbox 104 4438 190 4479; x_wconf 86' lang='lat' dir='ltr'><strong>rerum</strong></span> <span class='ocrx_word' id='word_1_336' title='bbox 205 4426 236 4479; x_wconf 91' lang='lat' dir='ltr'><strong>in</strong></span> <span class='ocrx_word' id='word_1_337' title='bbox 253 4425 313 4478; x_wconf 87' lang='lat' dir='ltr'><strong>hac</strong></span> <span class='ocrx_word' id='word_1_338' title='bbox 329 4422 454 4504; x_wconf 69' lang='lat' dir='ltr'><strong>imagine</strong></span> <span class='ocrx_word' id='word_1_339' title='bbox 471 4423 568 4478; x_wconf 86' lang='lat' dir='ltr'><strong>ordine</strong></span> <span class='ocrx_word' id='word_1_340' title='bbox 584 4423 625 4477; x_wconf 92' lang='lat' dir='ltr'><strong>iu·</strong></span> <span class='ocrx_word' id='word_1_341' title='bbox 676 4428 702 4492; x_wconf 75' lang='lat'><strong>2,</strong></span> <span class='ocrx_word' id='word_1_342' title='bbox 725 4426 765 4477; x_wconf 87' lang='grc'>17.</span> <span class='ocrx_word' id='word_1_343' title='bbox 805 4420 851 4491; x_wconf 82' lang='lat' dir='ltr'><strong>lV,</strong></span> <span class='ocrx_word' id='word_1_344' title='bbox 871 4424 896 4488; x_wconf 90' lang='grc'><strong>9,</strong></span> <span class='ocrx_word' id='word_1_345' title='bbox 917 4424 951 4477; x_wconf 83' lang='grc'><strong>39</strong></span> <span class='ocrx_word' id='word_1_346' title='bbox 963 4438 1024 4491; x_wconf 87' lang='lat' dir='ltr'><strong>sqq.</strong></span> <span class='ocrx_word' id='word_1_347' title='bbox 1042 4450 1077 4460; x_wconf 93' lang='lat'>-</span> <span class='ocrx_word' id='word_1_348' title='bbox 1103 4424 1251 4474; x_wconf 77' lang='lat' dir='ltr'><strong>intamina-</strong></span> 
     </span>
     <span class='ocr_line' id='line_1_43' title="bbox 70 4486 1251 4565; baseline -0.001 -19"><span class='ocrx_word' id='word_1_349' title='bbox 70 4486 153 4548; x_wconf 70' lang='lat' dir='ltr'><strong>tetum</strong></span> <span class='ocrx_word' id='word_1_350' title='bbox 170 4500 213 4551; x_wconf 84' lang='lat' dir='ltr'><strong>est</strong></span> <span class='ocrx_word' id='word_1_351' title='bbox 228 4493 416 4565; x_wconf 84' lang='lat' dir='ltr'><strong>Klopstoclni</strong></span> <span class='ocrx_word' id='word_1_352' title='bbox 443 4494 528 4548; x_wconf 73' lang='lat' dir='ltr'><strong>»fiber</strong></span> <span class='ocrx_word' id='word_1_353' title='bbox 545 4494 629 4565; x_wconf 82' lang='lat' dir='ltr'><strong>Spra·</strong></span> <span class='ocrx_word' id='word_1_354' title='bbox 677 4494 724 4564; x_wconf 76' lang='lat' dir='ltr'><strong>tte]</strong></span> <span class='ocrx_word' id='word_1_355' title='bbox 750 4494 835 4548; x_wconf 89' lang='lat' dir='ltr'><strong>lnane</strong></span> <span class='ocrx_word' id='word_1_356' title='bbox 855 4498 897 4547; x_wconf 89' lang='lat' dir='ltr'><strong>ast</strong></span> <span class='ocrx_word' id='word_1_357' title='bbox 916 4490 1076 4563; x_wconf 78' lang='lat' dir='ltr'><strong>corrigendi</strong></span> <span class='ocrx_word' id='word_1_358' title='bbox 1094 4489 1251 4560; x_wconf 87' lang='lat' dir='ltr'><strong>perieulum</strong></span> 
     </span>
     <span class='ocr_line' id='line_1_44' title="bbox 72 4558 1251 4637; baseline -0.005 -15"><span class='ocrx_word' id='word_1_359' title='bbox 72 4558 109 4615; x_wconf 79' lang='lat' dir='ltr'><strong>rte</strong></span> <span class='ocrx_word' id='word_1_360' title='bbox 123 4568 378 4623; x_wconf 76' lang='lat' dir='ltr'><strong>undDiohtkunstc</strong></span> <span class='ocrx_word' id='word_1_361' title='bbox 398 4568 485 4635; x_wconf 72' lang='lat' dir='ltr'><strong>proc</strong></span> <span class='ocrx_word' id='word_1_362' title='bbox 497 4582 556 4635; x_wconf 88' lang='lat' dir='ltr'><strong>sqq.</strong></span> <span class='ocrx_word' id='word_1_363' title='bbox 565 4569 626 4621; x_wconf 80' lang='lat'><strong>266.</strong></span> <span class='ocrx_word' id='word_1_364' title='bbox 676 4583 782 4633; x_wconf 83' lang='lat' dir='ltr'><strong>eorum,</strong></span> <span class='ocrx_word' id='word_1_365' title='bbox 809 4564 854 4637; x_wconf 89' lang='lat' dir='ltr'><strong>qui</strong></span> <span class='ocrx_word' id='word_1_366' title='bbox 873 4564 903 4618; x_wconf 89' lang='lat' dir='ltr'><strong>in</strong></span> <span class='ocrx_word' id='word_1_367' title='bbox 920 4562 1001 4620; x_wconf 86' lang='lat' dir='ltr'><strong>codd.</strong></span> <span class='ocrx_word' id='word_1_368' title='bbox 1021 4563 1192 4632; x_wconf 87' lang='lat' dir='ltr'><strong>scripserunt</strong></span> <span class='ocrx_word' id='word_1_369' title='bbox 1211 4568 1251 4617; x_wconf 80' lang='lat' dir='ltr'><strong>in-</strong></span> 
     </span>
     <span class='ocr_line' id='line_1_45' title="bbox 72 4632 1251 4712; baseline -0.006 -16"><span class='ocrx_word' id='word_1_370' title='bbox 72 4656 94 4669; x_wconf 85' lang='lat'><strong>·</strong></span> <span class='ocrx_word' id='word_1_371' title='bbox 110 4639 203 4712; x_wconf 56' lang='lat' dir='ltr'><strong>resta]</strong></span> <span class='ocrx_word' id='word_1_372' title='bbox 221 4636 426 4709; x_wconf 76' lang='lat' dir='ltr'><strong>accipiendum</strong></span> <span class='ocrx_word' id='word_1_373' title='bbox 444 4636 478 4691; x_wconf 88' lang='lat' dir='ltr'><strong>de</strong></span> <span class='ocrx_word' id='word_1_374' title='bbox 493 4639 567 4709; x_wconf 72' lang='lat' dir='ltr'><strong>regis</strong></span> <span class='ocrx_word' id='word_1_375' title='bbox 578 4638 628 4693; x_wconf 88' lang='lat' dir='ltr'><strong>ali·</strong></span> <span class='ocrx_word' id='word_1_376' title='bbox 676 4641 877 4703; x_wconf 74' lang='lat' dir='ltr'><strong>contaminatis,</strong></span> <span class='ocrx_word' id='word_1_377' title='bbox 897 4641 929 4691; x_wconf 88' lang='lat' dir='ltr'><strong>ut</strong></span> <span class='ocrx_word' id='word_1_378' title='bbox 946 4652 1042 4691; x_wconf 84' lang='lat' dir='ltr'><strong>versus</strong></span> <span class='ocrx_word' id='word_1_379' title='bbox 1054 4638 1086 4689; x_wconf 86' lang='grc'>17</span> <span class='ocrx_word' id='word_1_380' title='bbox 1104 4632 1251 4703; x_wconf 80' lang='lat' dir='ltr'><strong>hyperme-</strong></span> 
     </span>
    </p>
   </div>
   <div class='ocr_carea' id='block_1_8' title="bbox 0 0 1568 5225">
    <p class='ocr_par' dir='ltr' id='par_1_9' title="bbox 0 0 1568 5225">
     <span class='ocr_line' id='line_1_46' title="bbox 0 0 1568 5225; baseline 0 5"><span class='ocrx_word' id='word_1_381' title='bbox 0 0 1568 5225; x_wconf 95' lang='lat' dir='ltr'><strong> </strong></span> 
     </span>
    </p>
   </div>
  </div>
 </body>
</html>
