<?xml version="1.0" encoding="UTF-8"?>
<!DOCTYPE html PUBLIC "-//W3C//DTD XHTML 1.0 Transitional//EN"
    "http://www.w3.org/TR/xhtml1/DTD/xhtml1-transitional.dtd">
<html xmlns="http://www.w3.org/1999/xhtml" xml:lang="en" lang="en">
 <head>
  <title>
</title>
<meta http-equiv="Content-Type" content="text/html;charset=utf-8" />
  <meta name='ocr-system' content='tesseract 3.04.00' />
  <meta name='ocr-capabilities' content='ocr_page ocr_carea ocr_par ocr_line ocrx_word'/>
</head>
<body>
  <div class='ocr_page' id='page_1' title='image "./qhoratiiflaccio01dillgoog/qhoratiiflaccio01dillgoog_0464.png"; bbox 0 0 3125 5225; ppageno 0'>
   <div class='ocr_carea' id='block_1_1' title="bbox 274 257 1007 330">
    <p class='ocr_par' dir='ltr' id='par_1_1' title="bbox 274 257 1007 330">
     <span class='ocr_line' id='line_1_1' title="bbox 274 257 1007 330; baseline 0 -3"><span class='ocrx_word' id='word_1_1' title='bbox 274 260 338 327; x_wconf 77' lang='lat'><strong>432</strong></span> <span class='ocrx_word' id='word_1_2' title='bbox 736 257 1007 330; x_wconf 68' lang='lat' dir='ltr'><strong>sarlatensi</strong></span> 
     </span>
    </p>
   </div>
   <div class='ocr_carea' id='block_1_2' title="bbox 203 445 1455 2918">
    <p class='ocr_par' dir='ltr' id='par_1_2' title="bbox 203 445 1455 2918">
     <span class='ocr_line' id='line_1_2' title="bbox 323 445 1300 548; baseline 0.002 -26"><span class='ocrx_word' id='word_1_3' title='bbox 323 447 411 522; x_wconf 91' lang='lat' dir='ltr'><strong>Non</strong></span> <span class='ocrx_word' id='word_1_4' title='bbox 436 458 494 523; x_wconf 89' lang='lat' dir='ltr'><strong>est</strong></span> <span class='ocrx_word' id='word_1_5' title='bbox 517 445 951 525; x_wconf 78' lang='lat' dir='ltr'><strong>cardiacus-Craterum</strong></span> <span class='ocrx_word' id='word_1_6' title='bbox 978 448 1117 525; x_wconf 72' lang='lat' dir='ltr'><strong>dixisse</strong></span> <span class='ocrx_word' id='word_1_7' title='bbox 1142 458 1300 548; x_wconf 88' lang='lat' dir='ltr'><strong>putato·</strong></span> 
     </span>
     <span class='ocr_line' id='line_1_3' title="bbox 322 571 1374 673; baseline 0.002 -28"><span class='ocrx_word' id='word_1_8' title='bbox 322 571 399 646; x_wconf 90' lang='lat' dir='ltr'><strong>Hic</strong></span> <span class='ocrx_word' id='word_1_9' title='bbox 422 596 558 670; x_wconf 85' lang='lat' dir='ltr'><strong>aeger:</strong></span> <span class='ocrx_word' id='word_1_10' title='bbox 584 584 689 647; x_wconf 88' lang='lat' dir='ltr'><strong>recte</strong></span> <span class='ocrx_word' id='word_1_11' title='bbox 713 584 781 647; x_wconf 92' lang='lat' dir='ltr'><strong>est·</strong></span> <span class='ocrx_word' id='word_1_12' title='bbox 795 572 914 671; x_wconf 79' lang='lat' dir='ltr'><strong>igitur</strong></span> <span class='ocrx_word' id='word_1_13' title='bbox 938 577 1171 673; x_wconf 82' lang='lat' dir='ltr'><strong>surgetque?</strong></span> <span class='ocrx_word' id='word_1_14' title='bbox 1197 571 1374 672; x_wconf 86' lang='lat' dir='ltr'><strong>Negabit‚</strong></span> 
     </span>
     <span class='ocr_line' id='line_1_4' title="bbox 324 694 1320 787; baseline 0.003 -17"><span class='ocrx_word' id='word_1_15' title='bbox 324 694 440 787; x_wconf 81' lang='lat' dir='ltr'><strong>Quod</strong></span> <span class='ocrx_word' id='word_1_16' title='bbox 464 694 563 771; x_wconf 88' lang='lat' dir='ltr'><strong>latus</strong></span> <span class='ocrx_word' id='word_1_17' title='bbox 589 708 656 769; x_wconf 89' lang='lat' dir='ltr'><strong>aut</strong></span> <span class='ocrx_word' id='word_1_18' title='bbox 678 718 791 771; x_wconf 90' lang='lat' dir='ltr'><strong>renes</strong></span> <span class='ocrx_word' id='word_1_19' title='bbox 815 697 951 773; x_wconf 88' lang='lat' dir='ltr'><strong>morbo</strong></span> <span class='ocrx_word' id='word_1_20' title='bbox 977 708 1171 773; x_wconf 89' lang='lat' dir='ltr'><strong>tententur</strong></span> <span class='ocrx_word' id='word_1_21' title='bbox 1195 709 1320 774; x_wconf 87' lang='lat' dir='ltr'><strong>acuto.</strong></span> 
     </span>
     <span class='ocr_line' id='line_1_5' title="bbox 324 820 1436 925; baseline 0.003 -29"><span class='ocrx_word' id='word_1_22' title='bbox 324 821 411 896; x_wconf 91' lang='lat' dir='ltr'><strong>Non</strong></span> <span class='ocrx_word' id='word_1_23' title='bbox 438 831 496 895; x_wconf 91' lang='lat' dir='ltr'><strong>est</strong></span> <span class='ocrx_word' id='word_1_24' title='bbox 520 820 695 919; x_wconf 88' lang='lat' dir='ltr'><strong>periurus</strong></span> <span class='ocrx_word' id='word_1_25' title='bbox 723 845 851 919; x_wconf 90' lang='lat' dir='ltr'><strong>neque</strong></span> <span class='ocrx_word' id='word_1_26' title='bbox 877 822 1075 919; x_wconf 79' lang='lat' dir='ltr'><strong>sordidus3</strong></span> <span class='ocrx_word' id='word_1_27' title='bbox 1103 822 1279 899; x_wconf 88' lang='lat' dir='ltr'><strong>immolet</strong></span> <span class='ocrx_word' id='word_1_28' title='bbox 1301 824 1436 925; x_wconf 81' lang='lat' dir='ltr'><strong>aequis</strong></span> 
     </span>
     <span class='ocr_line' id='line_1_6' title="bbox 273 948 1445 1046; baseline 0.006 -28"><span class='ocrx_word' id='word_1_29' title='bbox 273 978 311 1019; x_wconf 73' lang='lat' dir='ltr'><strong>re</strong></span> <span class='ocrx_word' id='word_1_30' title='bbox 324 948 400 1022; x_wconf 92' lang='lat' dir='ltr'><strong>Hic</strong></span> <span class='ocrx_word' id='word_1_31' title='bbox 426 972 587 1046; x_wconf 89' lang='lat' dir='ltr'><strong>porcum</strong></span> <span class='ocrx_word' id='word_1_32' title='bbox 612 948 797 1023; x_wconf 79' lang='lat' dir='ltr'><strong>Laribus:</strong></span> <span class='ocrx_word' id='word_1_33' title='bbox 828 972 960 1024; x_wconf 85' lang='lat' dir='ltr'><strong>verum</strong></span> <span class='ocrx_word' id='word_1_34' title='bbox 988 949 1209 1024; x_wconf 85' lang='lat' dir='ltr'><strong>ambitiosus</strong></span> <span class='ocrx_word' id='word_1_35' title='bbox 1236 948 1445 1045; x_wconf 74' lang='lat' dir='ltr'><strong>etauda13</strong></span> 
     </span>
     <span class='ocr_line' id='line_1_7' title="bbox 229 1052 1455 1171; baseline 0.002 -25"><span class='ocrx_word' id='word_1_36' title='bbox 229 1052 232 1060; x_wconf 54' lang='grc'><strong>’</strong></span> <span class='ocrx_word' id='word_1_37' title='bbox 323 1071 487 1169; x_wconf 78' lang='lat' dir='ltr'>Naviget</span> <span class='ocrx_word' id='word_1_38' title='bbox 512 1072 746 1170; x_wconf 79' lang='lat' dir='ltr'><strong>Anticyram.</strong></span> <span class='ocrx_word' id='word_1_39' title='bbox 796 1072 900 1163; x_wconf 80' lang='lat' dir='ltr'><strong>Quid</strong></span> <span class='ocrx_word' id='word_1_40' title='bbox 929 1075 1031 1149; x_wconf 88' lang='lat' dir='ltr'><strong>enim</strong></span> <span class='ocrx_word' id='word_1_41' title='bbox 1056 1073 1194 1171; x_wconf 79' lang='lat' dir='ltr'><strong>differt,</strong></span> <span class='ocrx_word' id='word_1_42' title='bbox 1221 1072 1455 1149; x_wconf 72' lang='lat' dir='ltr'><strong>barathrone</strong></span> 
     </span>
     <span class='ocr_line' id='line_1_8' title="bbox 322 1195 1455 1297; baseline 0.004 -26"><span class='ocrx_word' id='word_1_43' title='bbox 322 1198 450 1272; x_wconf 89' lang='lat' dir='ltr'><strong>Dones</strong></span> <span class='ocrx_word' id='word_1_44' title='bbox 477 1195 669 1296; x_wconf 83' lang='lat' dir='ltr'><strong>quidquid</strong></span> <span class='ocrx_word' id='word_1_45' title='bbox 693 1197 822 1293; x_wconf 85' lang='lat' dir='ltr'><strong>habes,</strong></span> <span class='ocrx_word' id='word_1_46' title='bbox 850 1222 899 1272; x_wconf 88' lang='lat' dir='ltr'><strong>au</strong></span> <span class='ocrx_word' id='word_1_47' title='bbox 925 1222 1124 1297; x_wconf 90' lang='lat' dir='ltr'><strong>nunquam</strong></span> <span class='ocrx_word' id='word_1_48' title='bbox 1148 1212 1257 1273; x_wconf 90' lang='lat' dir='ltr'><strong>utare</strong></span> <span class='ocrx_word' id='word_1_49' title='bbox 1281 1199 1455 1297; x_wconf 79' lang='lat' dir='ltr'><strong>paratis?</strong></span> 
     </span>
     <span class='ocr_line' id='line_1_9' title="bbox 203 1318 1338 1420; baseline -0.001 -22"><span class='ocrx_word' id='word_1_50' title='bbox 203 1416 206 1420; x_wconf 10' lang='lat' dir='ltr'><em>V</em></span> <span class='ocrx_word' id='word_1_51' title='bbox 324 1321 477 1399; x_wconf 82' lang='lat' dir='ltr'><strong>Servius</strong></span> <span class='ocrx_word' id='word_1_52' title='bbox 504 1318 695 1417; x_wconf 77' lang='lat' dir='ltr'><strong>Oppidius</strong></span> <span class='ocrx_word' id='word_1_53' title='bbox 723 1320 864 1398; x_wconf 84' lang='lat' dir='ltr'><strong>Oanusi</strong></span> <span class='ocrx_word' id='word_1_54' title='bbox 890 1319 967 1395; x_wconf 89' lang='lat' dir='ltr'><strong>duo</strong></span> <span class='ocrx_word' id='word_1_55' title='bbox 995 1321 1165 1419; x_wconf 83' lang='lat' dir='ltr'><strong>praedia,</strong></span> <span class='ocrx_word' id='word_1_56' title='bbox 1194 1321 1301 1397; x_wconf 88' lang='lat' dir='ltr'><strong>dives</strong></span> <span class='ocrx_word' id='word_1_57' title='bbox 1329 1376 1338 1385; x_wconf 84' lang='lat'>-</span> 
     </span>
     <span class='ocr_line' id='line_1_10' title="bbox 323 1444 1338 1545; baseline 0 -24"><span class='ocrx_word' id='word_1_58' title='bbox 323 1446 496 1545; x_wconf 81' lang='lat' dir='ltr'><strong>Antiquo</strong></span> <span class='ocrx_word' id='word_1_59' title='bbox 524 1468 650 1540; x_wconf 85' lang='lat' dir='ltr'><strong>censu,</strong></span> <span class='ocrx_word' id='word_1_60' title='bbox 679 1444 803 1542; x_wconf 82' lang='lat' dir='ltr'><strong>gnatis</strong></span> <span class='ocrx_word' id='word_1_61' title='bbox 830 1444 970 1521; x_wconf 87' lang='lat' dir='ltr'><strong>divisse</strong></span> <span class='ocrx_word' id='word_1_62' title='bbox 995 1444 1146 1522; x_wconf 89' lang='lat' dir='ltr'><strong>duobus</strong></span> <span class='ocrx_word' id='word_1_63' title='bbox 1335 1538 1338 1544; x_wconf 17' lang='grc' dir='ltr'><em>ι</em></span> 
     </span>
     <span class='ocr_line' id='line_1_11' title="bbox 273 1570 1304 1666; baseline 0.005 -24"><span class='ocrx_word' id='word_1_64' title='bbox 273 1604 311 1643; x_wconf 66' lang='grc' dir='ltr'><strong>ιω</strong></span> <span class='ocrx_word' id='word_1_65' title='bbox 321 1570 458 1646; x_wconf 85' lang='lat' dir='ltr'><strong>Fertur</strong></span> <span class='ocrx_word' id='word_1_66' title='bbox 483 1584 522 1646; x_wconf 91' lang='lat' dir='ltr'><strong>et</strong></span> <span class='ocrx_word' id='word_1_67' title='bbox 545 1570 620 1644; x_wconf 91' lang='lat' dir='ltr'><strong>hoc</strong></span> <span class='ocrx_word' id='word_1_68' title='bbox 643 1570 811 1646; x_wconf 89' lang='lat' dir='ltr'><strong>moriens</strong></span> <span class='ocrx_word' id='word_1_69' title='bbox 838 1570 968 1666; x_wconf 85' lang='lat' dir='ltr'><strong>pueris</strong></span> <span class='ocrx_word' id='word_1_70' title='bbox 994 1570 1135 1647; x_wconf 80' lang='lat' dir='ltr'><strong>dixisse</strong></span> <span class='ocrx_word' id='word_1_71' title='bbox 1159 1573 1304 1647; x_wconf 85' lang='lat' dir='ltr'><strong>vocatis</strong></span> 
     </span>
     <span class='ocr_line' id='line_1_12' title="bbox 323 1694 1371 1796; baseline -0.002 -23"><span class='ocrx_word' id='word_1_72' title='bbox 323 1696 389 1773; x_wconf 80' lang='lat' dir='ltr'><strong>Ad</strong></span> <span class='ocrx_word' id='word_1_73' title='bbox 414 1696 575 1773; x_wconf 88' lang='lat' dir='ltr'><strong>lectum:</strong></span> <span class='ocrx_word' id='word_1_74' title='bbox 601 1695 810 1796; x_wconf 90' lang='lat' dir='ltr'><strong>Postquam</strong></span> <span class='ocrx_word' id='word_1_75' title='bbox 833 1708 873 1771; x_wconf 86' lang='lat' dir='ltr'><strong>te</strong></span> <span class='ocrx_word' id='word_1_76' title='bbox 897 1695 1006 1793; x_wconf 81' lang='lat' dir='ltr'><strong>talos,</strong></span> <span class='ocrx_word' id='word_1_77' title='bbox 1035 1694 1148 1793; x_wconf 84' lang='lat' dir='ltr'><strong>Aule,</strong></span> <span class='ocrx_word' id='word_1_78' title='bbox 1176 1720 1371 1795; x_wconf 89' lang='lat' dir='ltr'><strong>nucesque</strong></span> 
     </span>
     <span class='ocr_line' id='line_1_13' title="bbox 322 1819 1179 1919; baseline -0.002 -21"><span class='ocrx_word' id='word_1_79' title='bbox 322 1822 440 1899; x_wconf 85' lang='lat' dir='ltr'><strong>Ferre</strong></span> <span class='ocrx_word' id='word_1_80' title='bbox 466 1822 553 1897; x_wconf 89' lang='lat' dir='ltr'><strong>sinu</strong></span> <span class='ocrx_word' id='word_1_81' title='bbox 574 1819 671 1917; x_wconf 85' lang='lat' dir='ltr'><strong>laxo,</strong></span> <span class='ocrx_word' id='word_1_82' title='bbox 697 1820 842 1898; x_wconf 90' lang='lat' dir='ltr'><strong>donare</strong></span> <span class='ocrx_word' id='word_1_83' title='bbox 868 1833 907 1897; x_wconf 93' lang='lat' dir='ltr'><strong>et</strong></span> <span class='ocrx_word' id='word_1_84' title='bbox 930 1820 1065 1897; x_wconf 90' lang='lat' dir='ltr'><strong>ludere</strong></span> <span class='ocrx_word' id='word_1_85' title='bbox 1087 1819 1179 1919; x_wconf 88' lang='lat' dir='ltr'><strong>vidi,</strong></span> 
     </span>
     <span class='ocr_line' id='line_1_14' title="bbox 322 1945 1387 2044; baseline -0.002 -21"><span class='ocrx_word' id='word_1_86' title='bbox 322 1948 389 2044; x_wconf 86' lang='lat' dir='ltr'><strong>Te,</strong></span> <span class='ocrx_word' id='word_1_87' title='bbox 418 1945 563 2039; x_wconf 82' lang='lat' dir='ltr'><strong>Tiberi,</strong></span> <span class='ocrx_word' id='word_1_88' title='bbox 588 1967 801 2040; x_wconf 88' lang='lat' dir='ltr'><strong>numerare,</strong></span> <span class='ocrx_word' id='word_1_89' title='bbox 830 1945 934 2021; x_wconf 84' lang='lat' dir='ltr'><strong>cavis</strong></span> <span class='ocrx_word' id='word_1_90' title='bbox 959 1945 1195 2023; x_wconf 84' lang='lat' dir='ltr'><strong>abscondere</strong></span> <span class='ocrx_word' id='word_1_91' title='bbox 1220 1948 1387 2044; x_wconf 77' lang='lat' dir='ltr'><strong>tristem3</strong></span> 
     </span>
     <span class='ocr_line' id='line_1_15' title="bbox 322 2068 1183 2168; baseline 0.002 -22"><span class='ocrx_word' id='word_1_92' title='bbox 322 2069 497 2165; x_wconf 80' lang='lat' dir='ltr'><strong>Extimui,</strong></span> <span class='ocrx_word' id='word_1_93' title='bbox 523 2095 573 2144; x_wconf 91' lang='lat' dir='ltr'><strong>ne</strong></span> <span class='ocrx_word' id='word_1_94' title='bbox 595 2094 664 2144; x_wconf 87' lang='lat' dir='ltr'><strong>vos</strong></span> <span class='ocrx_word' id='word_1_95' title='bbox 689 2080 821 2168; x_wconf 81' lang='lat' dir='ltr'><strong>ageret</strong></span> <span class='ocrx_word' id='word_1_96' title='bbox 846 2070 1001 2145; x_wconf 88' lang='lat' dir='ltr'><strong>vesania</strong></span> <span class='ocrx_word' id='word_1_97' title='bbox 1027 2068 1183 2168; x_wconf 85' lang='lat' dir='ltr'><strong>discors,</strong></span> 
     </span>
     <span class='ocr_line' id='line_1_16' title="bbox 274 2196 1283 2295; baseline 0.002 -26"><span class='ocrx_word' id='word_1_98' title='bbox 274 2198 381 2273; x_wconf 70' lang='lat' dir='ltr'><strong>raTu</strong></span> <span class='ocrx_word' id='word_1_99' title='bbox 406 2196 699 2290; x_wconf 85' lang='lat' dir='ltr'><strong>Nomentanum,</strong></span> <span class='ocrx_word' id='word_1_100' title='bbox 725 2206 767 2269; x_wconf 89' lang='lat' dir='ltr'><strong>tu</strong></span> <span class='ocrx_word' id='word_1_101' title='bbox 792 2220 841 2270; x_wconf 93' lang='lat' dir='ltr'><strong>ne</strong></span> <span class='ocrx_word' id='word_1_102' title='bbox 865 2220 1070 2295; x_wconf 80' lang='lat' dir='ltr'><strong>sequerere</strong></span> <span class='ocrx_word' id='word_1_103' title='bbox 1097 2197 1283 2276; x_wconf 79' lang='lat' dir='ltr'><strong>Cicutam.</strong></span> 
     </span>
     <span class='ocr_line' id='line_1_17' title="bbox 325 2320 1220 2422; baseline 0.003 -27"><span class='ocrx_word' id='word_1_104' title='bbox 325 2320 455 2413; x_wconf 83' lang='lat' dir='ltr'><strong>Quare</strong></span> <span class='ocrx_word' id='word_1_105' title='bbox 479 2346 551 2419; x_wconf 86' lang='lat' dir='ltr'><strong>per</strong></span> <span class='ocrx_word' id='word_1_106' title='bbox 575 2320 683 2396; x_wconf 68' lang='lat' dir='ltr'><strong>clivos</strong></span> <span class='ocrx_word' id='word_1_107' title='bbox 710 2333 838 2396; x_wconf 89' lang='lat' dir='ltr'><strong>oratus</strong></span> <span class='ocrx_word' id='word_1_108' title='bbox 864 2333 1027 2422; x_wconf 88' lang='lat' dir='ltr'><strong>uterque</strong></span> <span class='ocrx_word' id='word_1_109' title='bbox 1048 2322 1220 2421; x_wconf 84' lang='lat' dir='ltr'><strong>Penates,</strong></span> 
     </span>
     <span class='ocr_line' id='line_1_18' title="bbox 327 2444 1283 2545; baseline 0.005 -27"><span class='ocrx_word' id='word_1_110' title='bbox 327 2444 388 2519; x_wconf 83' lang='lat' dir='ltr'><strong>Tu</strong></span> <span class='ocrx_word' id='word_1_111' title='bbox 417 2469 510 2520; x_wconf 80' lang='lat' dir='ltr'><strong>aare</strong></span> <span class='ocrx_word' id='word_1_112' title='bbox 534 2471 585 2520; x_wconf 90' lang='lat' dir='ltr'><strong>ne</strong></span> <span class='ocrx_word' id='word_1_113' title='bbox 605 2445 765 2543; x_wconf 83' lang='lat' dir='ltr'><strong>minuas,</strong></span> <span class='ocrx_word' id='word_1_114' title='bbox 792 2458 834 2519; x_wconf 89' lang='lat' dir='ltr'><strong>tu</strong></span> <span class='ocrx_word' id='word_1_115' title='bbox 860 2472 909 2523; x_wconf 92' lang='lat' dir='ltr'><strong>ne</strong></span> <span class='ocrx_word' id='word_1_116' title='bbox 936 2448 1205 2525; x_wconf 76' lang='lat' dir='ltr'><strong>maius-facias</strong></span> <span class='ocrx_word' id='word_1_117' title='bbox 1231 2448 1283 2545; x_wconf 84' lang='lat' dir='ltr'><strong>id,</strong></span> 
     </span>
     <span class='ocr_line' id='line_1_19' title="bbox 324 2567 1340 2667; baseline 0.005 -24"><span class='ocrx_word' id='word_1_118' title='bbox 324 2567 440 2662; x_wconf 82' lang='lat' dir='ltr'><strong>Quod</strong></span> <span class='ocrx_word' id='word_1_119' title='bbox 465 2568 554 2644; x_wconf 89' lang='lat' dir='ltr'><strong>satis</strong></span> <span class='ocrx_word' id='word_1_120' title='bbox 579 2592 662 2644; x_wconf 88' lang='lat' dir='ltr'><strong>esse</strong></span> <span class='ocrx_word' id='word_1_121' title='bbox 685 2581 795 2667; x_wconf 89' lang='lat' dir='ltr'><strong>putat</strong></span> <span class='ocrx_word' id='word_1_122' title='bbox 819 2582 929 2667; x_wconf 86' lang='lat' dir='ltr'><strong>pater</strong></span> <span class='ocrx_word' id='word_1_123' title='bbox 954 2582 993 2646; x_wconf 90' lang='lat' dir='ltr'><strong>et</strong></span> <span class='ocrx_word' id='word_1_124' title='bbox 1018 2582 1155 2646; x_wconf 87' lang='lat' dir='ltr'><strong>natura</strong></span> <span class='ocrx_word' id='word_1_125' title='bbox 1180 2583 1340 2648; x_wconf 74' lang='lat' dir='ltr'><strong>coercet</strong></span> 
     </span>
     <span class='ocr_line' id='line_1_20' title="bbox 322 2693 1120 2794; baseline 0.004 -26"><span class='ocrx_word' id='word_1_126' title='bbox 322 2693 527 2771; x_wconf 91' lang='lat' dir='ltr'><strong>Praeterea</strong></span> <span class='ocrx_word' id='word_1_127' title='bbox 551 2719 601 2768; x_wconf 92' lang='lat' dir='ltr'><strong>ne</strong></span> <span class='ocrx_word' id='word_1_128' title='bbox 626 2719 695 2769; x_wconf 89' lang='lat' dir='ltr'><strong>vos</strong></span> <span class='ocrx_word' id='word_1_129' title='bbox 719 2693 848 2770; x_wconf 85' lang='lat' dir='ltr'><strong>titillet</strong></span> <span class='ocrx_word' id='word_1_130' title='bbox 873 2693 1008 2794; x_wconf 78' lang='lat' dir='ltr'><strong>gloria,</strong></span> <span class='ocrx_word' id='word_1_131' title='bbox 1036 2695 1120 2772; x_wconf 92' lang='lat' dir='ltr'><strong>iure</strong></span> 
     </span>
     <span class='ocr_line' id='line_1_21' title="bbox 275 2818 1372 2918; baseline 0.004 -26"><span class='ocrx_word' id='word_1_132' title='bbox 275 2853 311 2892; x_wconf 81' lang='lat' dir='ltr'><strong>ao</strong></span> <span class='ocrx_word' id='word_1_133' title='bbox 324 2818 493 2896; x_wconf 88' lang='lat' dir='ltr'><strong>Iurando</strong></span> <span class='ocrx_word' id='word_1_134' title='bbox 521 2819 756 2918; x_wconf 84' lang='lat' dir='ltr'><strong>obstringam</strong></span> <span class='ocrx_word' id='word_1_135' title='bbox 778 2821 911 2896; x_wconf 87' lang='lat' dir='ltr'><strong>ambo:</strong></span> <span class='ocrx_word' id='word_1_136' title='bbox 938 2833 1024 2898; x_wconf 88' lang='lat' dir='ltr'><strong>uter</strong></span> <span class='ocrx_word' id='word_1_137' title='bbox 1038 2819 1182 2896; x_wconf 83' lang='lat' dir='ltr'><strong>&#39;aedilis</strong></span> <span class='ocrx_word' id='word_1_138' title='bbox 1207 2819 1372 2896; x_wconf 83' lang='lat' dir='ltr'><strong>fueritve</strong></span> 
     </span>
    </p>
   </div>
   <div class='ocr_carea' id='block_1_3' title="bbox 274 3039 1482 4730">
    <p class='ocr_par' dir='ltr' id='par_1_3' title="bbox 274 3039 1482 4730">
     <span class='ocr_line' id='line_1_22' title="bbox 275 3039 1478 3114; baseline -0.002 -18"><span class='ocrx_word' id='word_1_139' title='bbox 275 3045 418 3111; x_wconf 57' lang='lat' dir='ltr'><strong>mom:</strong></span> <span class='ocrx_word' id='word_1_140' title='bbox 448 3047 494 3094; x_wconf 77' lang='lat' dir='ltr'><strong>»rt</strong></span> <span class='ocrx_word' id='word_1_141' title='bbox 509 3043 604 3112; x_wconf 65' lang='lat' dir='ltr'><strong>lipare,</strong></span> <span class='ocrx_word' id='word_1_142' title='bbox 621 3039 792 3114; x_wconf 58' lang='lat' dir='ltr'><strong>qriiooqan</strong></span> <span class='ocrx_word' id='word_1_143' title='bbox 815 3070 847 3082; x_wconf 87' lang='lat'>-</span> <span class='ocrx_word' id='word_1_144' title='bbox 901 3041 974 3096; x_wconf 88' lang='lat' dir='ltr'><strong>enim</strong></span> <span class='ocrx_word' id='word_1_145' title='bbox 998 3039 1117 3096; x_wconf 85' lang='lat' dir='ltr'><strong>ambitio</strong></span> <span class='ocrx_word' id='word_1_146' title='bbox 1143 3042 1179 3103; x_wconf 79' lang='lat' dir='ltr'><strong>(r.</strong></span> <span class='ocrx_word' id='word_1_147' title='bbox 1199 3041 1246 3106; x_wconf 81' lang='grc'><strong>78)</strong></span> <span class='ocrx_word' id='word_1_148' title='bbox 1271 3039 1400 3096; x_wconf 83' lang='lat' dir='ltr'><strong>homines</strong></span> <span class='ocrx_word' id='word_1_149' title='bbox 1425 3042 1478 3096; x_wconf 89' lang='lat' dir='ltr'><strong>im·</strong></span> 
     </span>
     <span class='ocr_line' id='line_1_23' title="bbox 274 3110 1479 3183; baseline -0.002 -15"><span class='ocrx_word' id='word_1_150' title='bbox 274 3115 433 3181; x_wconf 68' lang='lat' dir='ltr'><strong>curtim]</strong></span> <span class='ocrx_word' id='word_1_151' title='bbox 454 3110 553 3182; x_wconf 85' lang='lat' dir='ltr'><strong>quiex</strong></span> <span class='ocrx_word' id='word_1_152' title='bbox 567 3112 713 3168; x_wconf 84' lang='lat' dir='ltr'><strong>stomacho</strong></span> <span class='ocrx_word' id='word_1_153' title='bbox 724 3113 848 3182; x_wconf 78' lang='lat' dir='ltr'><strong>laborat;</strong></span> <span class='ocrx_word' id='word_1_154' title='bbox 901 3113 984 3183; x_wconf 86' lang='lat' dir='ltr'><strong>pellit</strong></span> <span class='ocrx_word' id='word_1_155' title='bbox 999 3113 1035 3167; x_wconf 83' lang='lat' dir='ltr'><strong>ad</strong></span> <span class='ocrx_word' id='word_1_156' title='bbox 1054 3111 1164 3182; x_wconf 82' lang='lat' dir='ltr'><strong>quidvis</strong></span> <span class='ocrx_word' id='word_1_157' title='bbox 1184 3111 1352 3168; x_wconf 85' lang='lat' dir='ltr'><strong>audendum.</strong></span> <span class='ocrx_word' id='word_1_158' title='bbox 1375 3138 1413 3152; x_wconf 86' lang='grc'><strong>-</strong></span> <span class='ocrx_word' id='word_1_159' title='bbox 1431 3117 1479 3167; x_wconf 79' lang='lat' dir='ltr'><strong>ta·</strong></span> 
     </span>
     <span class='ocr_line' id='line_1_24' title="bbox 274 3182 1479 3255; baseline -0.001 -16"><span class='ocrx_word' id='word_1_160' title='bbox 274 3183 375 3255; x_wconf 72' lang='lat' dir='ltr'><strong>scopite</strong></span> <span class='ocrx_word' id='word_1_161' title='bbox 400 3183 474 3238; x_wconf 83' lang='lat' dir='ltr'><strong>enirn</strong></span> <span class='ocrx_word' id='word_1_162' title='bbox 497 3199 555 3238; x_wconf 89' lang='lat' dir='ltr'><strong>non</strong></span> <span class='ocrx_word' id='word_1_163' title='bbox 579 3204 626 3238; x_wconf 86' lang='lat' dir='ltr'><strong>cor</strong></span> <span class='ocrx_word' id='word_1_164' title='bbox 651 3189 771 3250; x_wconf 85' lang='lat' dir='ltr'><strong>tantum,</strong></span> <span class='ocrx_word' id='word_1_165' title='bbox 800 3183 849 3240; x_wconf 75' lang='lat' dir='ltr'><strong>setl</strong></span> <span class='ocrx_word' id='word_1_166' title='bbox 899 3184 1040 3253; x_wconf 67' lang='lat' dir='ltr'><strong>rectione]</strong></span> <span class='ocrx_word' id='word_1_167' title='bbox 1070 3182 1275 3254; x_wconf 75' lang='lat' dir='ltr'><strong>largitionibus,</strong></span> <span class='ocrx_word' id='word_1_168' title='bbox 1323 3183 1407 3238; x_wconf 84' lang='lat' dir='ltr'><strong>uilnrs</strong></span> <span class='ocrx_word' id='word_1_169' title='bbox 1426 3199 1479 3254; x_wconf 88' lang='lat' dir='ltr'><strong>po·</strong></span> 
     </span>
     <span class='ocr_line' id='line_1_25' title="bbox 275 3253 1478 3326; baseline -0.003 -14"><span class='ocrx_word' id='word_1_170' title='bbox 275 3256 361 3312; x_wconf 86' lang='lat' dir='ltr'><strong>etiam</strong></span> <span class='ocrx_word' id='word_1_171' title='bbox 388 3273 421 3310; x_wconf 86' lang='lat' dir='ltr'><strong>oa</strong></span> <span class='ocrx_word' id='word_1_172' title='bbox 448 3255 598 3312; x_wconf 81' lang='lat' dir='ltr'><strong>ventriculi</strong></span> <span class='ocrx_word' id='word_1_173' title='bbox 626 3260 677 3309; x_wconf 77' lang='lat' dir='ltr'><strong>eat.</strong></span> <span class='ocrx_word' id='word_1_174' title='bbox 697 3285 732 3295; x_wconf 97' lang='lat'>—</span> <span class='ocrx_word' id='word_1_175' title='bbox 753 3260 849 3310; x_wconf 78' lang='lat' dir='ltr'><strong>crate·</strong></span> <span class='ocrx_word' id='word_1_176' title='bbox 898 3255 1006 3325; x_wconf 79' lang='lat' dir='ltr'><strong>palaris</strong></span> <span class='ocrx_word' id='word_1_177' title='bbox 1025 3271 1094 3309; x_wconf 87' lang='lat' dir='ltr'><strong>aura</strong></span> <span class='ocrx_word' id='word_1_178' title='bbox 1112 3256 1252 3324; x_wconf 86' lang='lat' dir='ltr'><strong>captatur.</strong></span> <span class='ocrx_word' id='word_1_179' title='bbox 1298 3253 1312 3308; x_wconf 93' lang='lat'><strong>1</strong></span> <span class='ocrx_word' id='word_1_180' title='bbox 1359 3255 1409 3326; x_wconf 86' lang='lat' dir='ltr'><strong>qni</strong></span> <span class='ocrx_word' id='word_1_181' title='bbox 1437 3253 1478 3308; x_wconf 81' lang='lat' dir='ltr'><strong>ia·</strong></span> 
     </span>
     <span class='ocr_line' id='line_1_26' title="bbox 274 3323 1480 3395; baseline -0.002 -12"><span class='ocrx_word' id='word_1_182' title='bbox 274 3331 348 3395; x_wconf 71' lang='lat' dir='ltr'><strong>nn]</strong></span> <span class='ocrx_word' id='word_1_183' title='bbox 376 3343 433 3395; x_wconf 89' lang='lat' dir='ltr'><strong>quo</strong></span> <span class='ocrx_word' id='word_1_184' title='bbox 457 3326 545 3382; x_wconf 89' lang='lat' dir='ltr'><strong>nobili</strong></span> <span class='ocrx_word' id='word_1_185' title='bbox 570 3327 680 3381; x_wconf 85' lang='lat' dir='ltr'><strong>medico</strong></span> <span class='ocrx_word' id='word_1_186' title='bbox 701 3343 768 3382; x_wconf 82' lang='lat' dir='ltr'><strong>naua</strong></span> <span class='ocrx_word' id='word_1_187' title='bbox 792 3325 849 3380; x_wconf 85' lang='lat' dir='ltr'><strong>iam</strong></span> <span class='ocrx_word' id='word_1_188' title='bbox 899 3328 948 3392; x_wconf 85' lang='lat' dir='ltr'><strong>eit,</strong></span> <span class='ocrx_word' id='word_1_189' title='bbox 966 3343 1023 3380; x_wconf 87' lang='lat' dir='ltr'><strong>non</strong></span> <span class='ocrx_word' id='word_1_190' title='bbox 1039 3325 1137 3380; x_wconf 88' lang='lat' dir='ltr'><strong>melius</strong></span> <span class='ocrx_word' id='word_1_191' title='bbox 1150 3323 1401 3381; x_wconf 70' lang='lat' dir='ltr'><strong>imultatibussuia</strong></span> <span class='ocrx_word' id='word_1_192' title='bbox 1421 3325 1480 3380; x_wconf 85' lang='lat' dir='ltr'><strong>uti·</strong></span> 
     </span>
     <span class='ocr_line' id='line_1_27' title="bbox 276 3396 1479 3468; baseline -0.002 -14"><span class='ocrx_word' id='word_1_193' title='bbox 276 3402 338 3454; x_wconf 88' lang='lat' dir='ltr'><strong>erat</strong></span> <span class='ocrx_word' id='word_1_194' title='bbox 356 3398 476 3453; x_wconf 82' lang='lat' dir='ltr'><strong>Atticus.</strong></span> <span class='ocrx_word' id='word_1_195' title='bbox 513 3398 570 3452; x_wconf 80' lang='lat' dir='ltr'><strong>Cic.</strong></span> <span class='ocrx_word' id='word_1_196' title='bbox 589 3397 627 3452; x_wconf 85' lang='lat' dir='ltr'><strong>ad</strong></span> <span class='ocrx_word' id='word_1_197' title='bbox 643 3399 703 3452; x_wconf 83' lang='lat' dir='ltr'><strong>Att.</strong></span> <span class='ocrx_word' id='word_1_198' title='bbox 721 3396 786 3463; x_wconf 80' lang='grc' dir='ltr'><strong>ΧΠ,</strong></span> <span class='ocrx_word' id='word_1_199' title='bbox 806 3400 848 3452; x_wconf 84' lang='grc'><strong>14.</strong></span> <span class='ocrx_word' id='word_1_200' title='bbox 897 3401 1047 3468; x_wconf 80' lang='lat' dir='ltr'><strong>tunquam</strong></span> <span class='ocrx_word' id='word_1_201' title='bbox 1067 3413 1176 3464; x_wconf 82' lang='lat' dir='ltr'><strong>avarus,</strong></span> <span class='ocrx_word' id='word_1_202' title='bbox 1204 3396 1253 3466; x_wconf 87' lang='lat' dir='ltr'><strong>qui</strong></span> <span class='ocrx_word' id='word_1_203' title='bbox 1275 3397 1401 3452; x_wconf 80' lang='lat' dir='ltr'><strong>intactus</strong></span> <span class='ocrx_word' id='word_1_204' title='bbox 1428 3413 1479 3452; x_wconf 78' lang='lat' dir='ltr'><strong>aas</strong></span> 
     </span>
     <span class='ocr_line' id='line_1_28' title="bbox 275 3467 1480 3540; baseline 0 -17"><span class='ocrx_word' id='word_1_205' title='bbox 275 3498 310 3510; x_wconf 93' lang='lat'><em>-</em></span> <span class='ocrx_word' id='word_1_206' title='bbox 330 3469 476 3538; x_wconf 65' lang='lat' dir='ltr'><strong>tentatur]</strong></span> <span class='ocrx_word' id='word_1_207' title='bbox 504 3467 550 3524; x_wconf 85' lang='lat' dir='ltr'><strong>Sic</strong></span> <span class='ocrx_word' id='word_1_208' title='bbox 568 3468 756 3538; x_wconf 75' lang='lat' dir='ltr'><strong>antiquissimi</strong></span> <span class='ocrx_word' id='word_1_209' title='bbox 773 3467 850 3524; x_wconf 86' lang='lat' dir='ltr'><strong>codi·</strong></span> <span class='ocrx_word' id='word_1_210' title='bbox 900 3475 1004 3524; x_wconf 85' lang='lat' dir='ltr'><strong>servat.</strong></span> <span class='ocrx_word' id='word_1_211' title='bbox 1025 3468 1080 3524; x_wconf 73' lang='lat' dir='ltr'><strong>Cirr</strong></span> <span class='ocrx_word' id='word_1_212' title='bbox 1098 3468 1146 3536; x_wconf 84' lang='lat' dir='ltr'><strong>ita,</strong></span> <span class='ocrx_word' id='word_1_213' title='bbox 1165 3467 1293 3538; x_wconf 85' lang='lat' dir='ltr'><strong>exemplo</strong></span> <span class='ocrx_word' id='word_1_214' title='bbox 1311 3467 1403 3523; x_wconf 83' lang='lat' dir='ltr'><strong>Servii</strong></span> <span class='ocrx_word' id='word_1_215' title='bbox 1420 3467 1480 3540; x_wconf 87' lang='lat' dir='ltr'><strong>Op-</strong></span> 
     </span>
     <span class='ocr_line' id='line_1_29' title="bbox 275 3539 1478 3666; baseline -0.001 -71"><span class='ocrx_word' id='word_1_216' title='bbox 275 3557 333 3605; x_wconf 84' lang='lat' dir='ltr'><strong>ces,</strong></span> <span class='ocrx_word' id='word_1_217' title='bbox 343 3539 392 3594; x_wconf 83' lang='lat' dir='ltr'><strong>alii</strong></span> <span class='ocrx_word' id='word_1_218' title='bbox 406 3551 552 3596; x_wconf 68' lang='lat' dir='ltr'><strong>tentam.</strong></span> <span class='ocrx_word' id='word_1_219' title='bbox 570 3540 772 3595; x_wconf 73' lang='lat' dir='ltr'><strong>coniunctivae</strong></span> <span class='ocrx_word' id='word_1_220' title='bbox 785 3555 849 3596; x_wconf 88' lang='lat' dir='ltr'><strong>cau·</strong></span> <span class='ocrx_word' id='word_1_221' title='bbox 898 3539 969 3666; x_wconf 65' lang='lat' dir='ltr'><strong>pidii</strong></span> <span class='ocrx_word' id='word_1_222' title='bbox 987 3541 1131 3610; x_wconf 87' lang='lat' dir='ltr'><strong>probatur.</strong></span> <span class='ocrx_word' id='word_1_223' title='bbox 1144 3569 1178 3581; x_wconf 93' lang='grc'>-</span> <span class='ocrx_word' id='word_1_224' title='bbox 1188 3539 1297 3611; x_wconf 70' lang='lat' dir='ltr'><strong>divisse]</strong></span> <span class='ocrx_word' id='word_1_225' title='bbox 1312 3539 1353 3594; x_wconf 81' lang='lat' dir='ltr'><strong>ui.</strong></span> <span class='ocrx_word' id='word_1_226' title='bbox 1373 3555 1400 3594; x_wconf 81' lang='lat' dir='ltr'><strong>r.</strong></span> <span class='ocrx_word' id='word_1_227' title='bbox 1411 3543 1478 3595; x_wconf 74' lang='lat'><strong>278.</strong></span> 
     </span>
     <span class='ocr_line' id='line_1_30' title="bbox 275 3609 1479 3683; baseline -0.001 -17"><span class='ocrx_word' id='word_1_228' title='bbox 275 3629 335 3666; x_wconf 84' lang='lat' dir='ltr'><strong>sam</strong></span> <span class='ocrx_word' id='word_1_229' title='bbox 354 3611 441 3665; x_wconf 88' lang='lat' dir='ltr'><strong>habet</strong></span> <span class='ocrx_word' id='word_1_230' title='bbox 460 3625 511 3666; x_wconf 85' lang='lat' dir='ltr'><strong>cnr</strong></span> <span class='ocrx_word' id='word_1_231' title='bbox 535 3616 621 3683; x_wconf 74' lang='lat' dir='ltr'><strong>nepot</strong></span> <span class='ocrx_word' id='word_1_232' title='bbox 645 3611 784 3682; x_wconf 55' lang='lat' dir='ltr'><strong>mediana</strong></span> <span class='ocrx_word' id='word_1_233' title='bbox 813 3627 848 3666; x_wconf 87' lang='lat' dir='ltr'><strong>ex</strong></span> <span class='ocrx_word' id='word_1_234' title='bbox 919 3613 957 3666; x_wconf 86' lang='lat' dir='ltr'><strong>at.</strong></span> <span class='ocrx_word' id='word_1_235' title='bbox 967 3611 989 3676; x_wconf 89' lang='lat' dir='ltr'><strong>l,</strong></span> <span class='ocrx_word' id='word_1_236' title='bbox 1000 3615 1026 3677; x_wconf 84' lang='grc'><strong>9,</strong></span> <span class='ocrx_word' id='word_1_237' title='bbox 1036 3613 1080 3666; x_wconf 77' lang='lat' dir='ltr'><strong>te.</strong></span> <span class='ocrx_word' id='word_1_238' title='bbox 1095 3609 1116 3674; x_wconf 86' lang='lat' dir='ltr'><strong>l,</strong></span> <span class='ocrx_word' id='word_1_239' title='bbox 1127 3613 1152 3676; x_wconf 73' lang='grc' dir='ltr'><strong>ὁ,</strong></span> <span class='ocrx_word' id='word_1_240' title='bbox 1160 3612 1368 3682; x_wconf 56' lang='lat' dir='ltr'><strong>itte-amque</strong></span> <span class='ocrx_word' id='word_1_241' title='bbox 1378 3611 1479 3683; x_wconf 72' lang='lat' dir='ltr'><strong>emsa]</strong></span> 
     </span>
     <span class='ocr_line' id='line_1_31' title="bbox 275 3679 1480 3753; baseline -0.002 -15"><span class='ocrx_word' id='word_1_242' title='bbox 275 3685 355 3738; x_wconf 86' lang='lat' dir='ltr'><strong>ouius</strong></span> <span class='ocrx_word' id='word_1_243' title='bbox 373 3681 466 3742; x_wconf 83' lang='lat' dir='ltr'><strong>animo</strong></span> <span class='ocrx_word' id='word_1_244' title='bbox 485 3683 585 3738; x_wconf 82' lang='lat' dir='ltr'><strong>melius</strong></span> <span class='ocrx_word' id='word_1_245' title='bbox 607 3683 676 3739; x_wconf 83' lang='lat' dir='ltr'><strong>haec</strong></span> <span class='ocrx_word' id='word_1_246' title='bbox 701 3682 850 3753; x_wconf 80' lang='lat' dir='ltr'><strong>proferun-</strong></span> <span class='ocrx_word' id='word_1_247' title='bbox 898 3683 1130 3738; x_wconf 66' lang='lat' dir='ltr'><strong>Recterloroun</strong></span> <span class='ocrx_word' id='word_1_248' title='bbox 1154 3683 1200 3738; x_wconf 87' lang='lat' dir='ltr'><strong>uia</strong></span> <span class='ocrx_word' id='word_1_249' title='bbox 1209 3683 1233 3736; x_wconf 89' lang='lat' dir='ltr'><strong>si</strong></span> <span class='ocrx_word' id='word_1_250' title='bbox 1243 3682 1305 3752; x_wconf 88' lang='lat' dir='ltr'><strong>quis</strong></span> <span class='ocrx_word' id='word_1_251' title='bbox 1315 3679 1480 3751; x_wconf 83' lang='lat' dir='ltr'><strong>antiquitus</strong></span> 
     </span>
     <span class='ocr_line' id='line_1_32' title="bbox 274 3699 1481 3824; baseline -0.002 -14"><span class='ocrx_word' id='word_1_252' title='bbox 274 3760 324 3811; x_wconf 88' lang='lat' dir='ltr'><strong>tur</strong></span> <span class='ocrx_word' id='word_1_253' title='bbox 349 3769 434 3823; x_wconf 83' lang='lat' dir='ltr'><strong>quam</strong></span> <span class='ocrx_word' id='word_1_254' title='bbox 462 3753 628 3824; x_wconf 88' lang='lat' dir='ltr'><strong>simpliciter</strong></span> <span class='ocrx_word' id='word_1_255' title='bbox 654 3755 798 3810; x_wconf 84' lang='lat' dir='ltr'><strong>adduntur</strong></span> <span class='ocrx_word' id='word_1_256' title='bbox 831 3771 848 3808; x_wconf 87' lang='lat' dir='ltr'><strong>a</strong></span> <span class='ocrx_word' id='word_1_257' title='bbox 899 3754 955 3809; x_wconf 77' lang='lat' dir='ltr'><strong>(luo</strong></span> <span class='ocrx_word' id='word_1_258' title='bbox 972 3753 1087 3824; x_wconf 86' lang='lat' dir='ltr'><strong>praedia</strong></span> <span class='ocrx_word' id='word_1_259' title='bbox 1102 3699 1234 3822; x_wconf 77' lang='lat' dir='ltr'><strong>habebat,</strong></span> <span class='ocrx_word' id='word_1_260' title='bbox 1251 3753 1329 3808; x_wconf 79' lang='lat' dir='ltr'><strong>(lives</strong></span> <span class='ocrx_word' id='word_1_261' title='bbox 1339 3753 1481 3808; x_wconf 81' lang='lat' dir='ltr'><strong>censeba-</strong></span> 
     </span>
     <span class='ocr_line' id='line_1_33' title="bbox 275 3823 1480 3896; baseline -0.002 -15"><span class='ocrx_word' id='word_1_262' title='bbox 275 3825 378 3881; x_wconf 84' lang='lat' dir='ltr'><strong>Stoico.</strong></span> <span class='ocrx_word' id='word_1_263' title='bbox 421 3825 513 3896; x_wconf 75' lang='lat' dir='ltr'><strong>Epist.</strong></span> <span class='ocrx_word' id='word_1_264' title='bbox 532 3825 555 3892; x_wconf 88' lang='grc' dir='ltr'><strong>Ι,</strong></span> <span class='ocrx_word' id='word_1_265' title='bbox 571 3829 598 3890; x_wconf 83' lang='grc'><strong>6,</strong></span> <span class='ocrx_word' id='word_1_266' title='bbox 614 3829 649 3881; x_wconf 77' lang='lat'><strong>28</strong></span> <span class='ocrx_word' id='word_1_267' title='bbox 666 3826 742 3881; x_wconf 87' lang='lat' dir='ltr'><strong>idem</strong></span> <span class='ocrx_word' id='word_1_268' title='bbox 758 3842 848 3896; x_wconf 86' lang='lat' dir='ltr'><strong>prope</strong></span> <span class='ocrx_word' id='word_1_269' title='bbox 897 3831 970 3880; x_wconf 70' lang='lat' dir='ltr'><strong>tun«</strong></span> <span class='ocrx_word' id='word_1_270' title='bbox 991 3825 1165 3894; x_wconf 77' lang='lat' dir='ltr'><strong>Quamquam</strong></span> <span class='ocrx_word' id='word_1_271' title='bbox 1174 3823 1326 3895; x_wconf 85' lang='lat' dir='ltr'><strong>Oppidium</strong></span> <span class='ocrx_word' id='word_1_272' title='bbox 1335 3839 1392 3878; x_wconf 92' lang='lat' dir='ltr'><strong>uon</strong></span> <span class='ocrx_word' id='word_1_273' title='bbox 1400 3825 1480 3878; x_wconf 74' lang='lat' dir='ltr'><strong>anti·</strong></span> 
     </span>
     <span class='ocr_line' id='line_1_34' title="bbox 275 3894 1479 3969; baseline -0.001 -17"><span class='ocrx_word' id='word_1_274' title='bbox 275 3897 429 3952; x_wconf 79' lang='lat' dir='ltr'><strong>versiculus</strong></span> <span class='ocrx_word' id='word_1_275' title='bbox 447 3897 568 3969; x_wconf 58' lang='lat' dir='ltr'><strong>lapiton</strong></span> <span class='ocrx_word' id='word_1_276' title='bbox 598 3897 640 3951; x_wconf 92' lang='lat' dir='ltr'><strong>ibi</strong></span> <span class='ocrx_word' id='word_1_277' title='bbox 657 3900 751 3952; x_wconf 86' lang='lat' dir='ltr'><strong>autem</strong></span> <span class='ocrx_word' id='word_1_278' title='bbox 769 3901 848 3953; x_wconf 81' lang='lat' dir='ltr'><strong>recte</strong></span> <span class='ocrx_word' id='word_1_279' title='bbox 897 3913 955 3967; x_wconf 90' lang='lat' dir='ltr'><strong>quo</strong></span> <span class='ocrx_word' id='word_1_280' title='bbox 970 3901 1099 3968; x_wconf 86' lang='lat' dir='ltr'><strong>tempore</strong></span> <span class='ocrx_word' id='word_1_281' title='bbox 1113 3895 1216 3950; x_wconf 81' lang='lat' dir='ltr'><strong>vixisse</strong></span> <span class='ocrx_word' id='word_1_282' title='bbox 1234 3913 1260 3952; x_wconf 83' lang='lat' dir='ltr'><strong>r.</strong></span> <span class='ocrx_word' id='word_1_283' title='bbox 1271 3898 1321 3950; x_wconf 75' lang='lat'><strong>18⁶</strong></span> <span class='ocrx_word' id='word_1_284' title='bbox 1337 3894 1479 3951; x_wconf 83' lang='lat' dir='ltr'><strong>ostendit.</strong></span> 
     </span>
     <span class='ocr_line' id='line_1_35' title="bbox 275 3965 1480 4039; baseline -0.003 -15"><span class='ocrx_word' id='word_1_285' title='bbox 275 3969 387 4024; x_wconf 85' lang='lat' dir='ltr'><strong>codices</strong></span> <span class='ocrx_word' id='word_1_286' title='bbox 397 3967 847 4039; x_wconf 80' lang='lat' dir='ltr'><strong>indicativumtuentur.llauptio</strong></span> <span class='ocrx_word' id='word_1_287' title='bbox 935 3967 967 4024; x_wconf 86' lang='lat' dir='ltr'><strong>V.</strong></span> <span class='ocrx_word' id='word_1_288' title='bbox 981 3971 1038 4024; x_wconf 81' lang='lat'>172.</span> <span class='ocrx_word' id='word_1_289' title='bbox 1059 3975 1120 4023; x_wconf 73' lang='lat' dir='ltr'><strong>sino</strong></span> <span class='ocrx_word' id='word_1_290' title='bbox 1138 3967 1213 4038; x_wconf 66' lang='lat' dir='ltr'><strong>tace]</strong></span> <span class='ocrx_word' id='word_1_291' title='bbox 1244 3983 1280 4021; x_wconf 84' lang='lat' dir='ltr'><strong>ex</strong></span> <span class='ocrx_word' id='word_1_292' title='bbox 1324 3981 1360 4020; x_wconf 88' lang='lat' dir='ltr'><strong>uo</strong></span> <span class='ocrx_word' id='word_1_293' title='bbox 1388 3965 1480 4022; x_wconf 78' lang='lat' dir='ltr'><strong>facile</strong></span> 
     </span>
     <span class='ocr_line' id='line_1_36' title="bbox 276 3983 1481 4120; baseline -0.001 -25"><span class='ocrx_word' id='word_1_294' title='bbox 276 4041 300 4095; x_wconf 90' lang='lat' dir='ltr'><strong>si</strong></span> <span class='ocrx_word' id='word_1_295' title='bbox 318 4040 467 4105; x_wconf 83' lang='lat' dir='ltr'><strong>credimus,</strong></span> <span class='ocrx_word' id='word_1_296' title='bbox 494 4038 648 4095; x_wconf 61' lang='lat' dir='ltr'><strong>vementes</strong></span> <span class='ocrx_word' id='word_1_297' title='bbox 672 4056 706 4095; x_wconf 84' lang='lat' dir='ltr'><strong>ax</strong></span> <span class='ocrx_word' id='word_1_298' title='bbox 727 4040 870 4110; x_wconf 83' lang='lat' dir='ltr'><strong>epistola·</strong></span> <span class='ocrx_word' id='word_1_299' title='bbox 898 4042 1033 4110; x_wconf 85' lang='lat' dir='ltr'><strong>poterant</strong></span> <span class='ocrx_word' id='word_1_300' title='bbox 1049 4037 1187 4095; x_wconf 67' lang='lat' dir='ltr'><strong>madere.</strong></span> <span class='ocrx_word' id='word_1_301' title='bbox 1205 4037 1286 4106; x_wconf 71' lang='lat' dir='ltr'><strong>Quod</strong></span> <span class='ocrx_word' id='word_1_302' title='bbox 1304 3983 1407 4120; x_wconf 74' lang='lat' dir='ltr'><strong>leinde</strong></span> <span class='ocrx_word' id='word_1_303' title='bbox 1426 4053 1481 4108; x_wconf 89' lang='lat' dir='ltr'><strong>po·</strong></span> 
     </span>
     <span class='ocr_line' id='line_1_37' title="bbox 277 4108 1479 4181; baseline 0 -16"><span class='ocrx_word' id='word_1_304' title='bbox 277 4115 380 4178; x_wconf 76' lang='lat' dir='ltr'><strong>l,t‚28</strong></span> <span class='ocrx_word' id='word_1_305' title='bbox 405 4111 462 4166; x_wconf 90' lang='lat' dir='ltr'><strong>huc</strong></span> <span class='ocrx_word' id='word_1_306' title='bbox 479 4112 515 4166; x_wconf 87' lang='lat' dir='ltr'><strong>ab</strong></span> <span class='ocrx_word' id='word_1_307' title='bbox 533 4111 739 4181; x_wconf 82' lang='lat' dir='ltr'><strong>interpolatore</strong></span> <span class='ocrx_word' id='word_1_308' title='bbox 755 4115 848 4166; x_wconf 74' lang='lat' dir='ltr'><strong>trans</strong></span> <span class='ocrx_word' id='word_1_309' title='bbox 899 4112 984 4166; x_wconf 87' lang='lat' dir='ltr'><strong>situm</strong></span> <span class='ocrx_word' id='word_1_310' title='bbox 1004 4115 1048 4166; x_wconf 83' lang='lat' dir='ltr'><strong>est</strong></span> <span class='ocrx_word' id='word_1_311' title='bbox 1065 4113 1157 4165; x_wconf 75' lang='lat' dir='ltr'><strong>tudere</strong></span> <span class='ocrx_word' id='word_1_312' title='bbox 1174 4113 1239 4175; x_wconf 68' lang='lat' dir='ltr'><strong>adt,</strong></span> <span class='ocrx_word' id='word_1_313' title='bbox 1256 4108 1479 4180; x_wconf 75' lang='lat' dir='ltr'><strong>intelligendum</strong></span> 
     </span>
     <span class='ocr_line' id='line_1_38' title="bbox 275 4179 1479 4252; baseline -0.002 -14"><span class='ocrx_word' id='word_1_314' title='bbox 275 4183 349 4238; x_wconf 83' lang='lat' dir='ltr'><strong>latos</strong></span> <span class='ocrx_word' id='word_1_315' title='bbox 365 4185 422 4251; x_wconf 86' lang='lat' dir='ltr'><strong>est;</strong></span> <span class='ocrx_word' id='word_1_316' title='bbox 441 4183 559 4237; x_wconf 81' lang='lat' dir='ltr'><strong>carolus</strong></span> <span class='ocrx_word' id='word_1_317' title='bbox 576 4185 677 4237; x_wconf 88' lang='lat' dir='ltr'><strong>contra</strong></span> <span class='ocrx_word' id='word_1_318' title='bbox 691 4181 768 4237; x_wconf 74' lang='lat' dir='ltr'><strong>Frirl</strong></span> <span class='ocrx_word' id='word_1_319' title='bbox 778 4181 848 4237; x_wconf 84' lang='lat' dir='ltr'><strong>ller-</strong></span> <span class='ocrx_word' id='word_1_320' title='bbox 899 4179 934 4237; x_wconf 85' lang='lat' dir='ltr'><strong>de</strong></span> <span class='ocrx_word' id='word_1_321' title='bbox 961 4182 997 4239; x_wconf 84' lang='lat' dir='ltr'><strong>iis</strong></span> <span class='ocrx_word' id='word_1_322' title='bbox 1030 4181 1104 4237; x_wconf 80' lang='lat' dir='ltr'><strong>ludia</strong></span> <span class='ocrx_word' id='word_1_323' title='bbox 1135 4197 1295 4252; x_wconf 83' lang='lat' dir='ltr'><strong>puerorum,</strong></span> <span class='ocrx_word' id='word_1_324' title='bbox 1331 4195 1388 4250; x_wconf 90' lang='lat' dir='ltr'><strong>quo</strong></span> <span class='ocrx_word' id='word_1_325' title='bbox 1426 4197 1479 4236; x_wconf 83' lang='lat' dir='ltr'><strong>res</strong></span> 
     </span>
     <span class='ocr_line' id='line_1_39' title="bbox 275 4250 1479 4325; baseline -0.002 -15"><span class='ocrx_word' id='word_1_326' title='bbox 275 4270 393 4310; x_wconf 75' lang='lat' dir='ltr'><strong>mannus</strong></span> <span class='ocrx_word' id='word_1_327' title='bbox 417 4271 452 4309; x_wconf 82' lang='lat' dir='ltr'><strong>ex</strong></span> <span class='ocrx_word' id='word_1_328' title='bbox 476 4253 530 4309; x_wconf 88' lang='lat' dir='ltr'><strong>hoc</strong></span> <span class='ocrx_word' id='word_1_329' title='bbox 554 4255 617 4309; x_wconf 89' lang='lat' dir='ltr'><strong>loco</strong></span> <span class='ocrx_word' id='word_1_330' title='bbox 641 4253 670 4308; x_wconf 87' lang='lat' dir='ltr'><strong>iu</strong></span> <span class='ocrx_word' id='word_1_331' title='bbox 700 4253 848 4324; x_wconf 83' lang='lat' dir='ltr'><strong>epistolam</strong></span> <span class='ocrx_word' id='word_1_332' title='bbox 900 4252 980 4325; x_wconf 79' lang='lat' dir='ltr'><strong>perdi</strong></span> <span class='ocrx_word' id='word_1_333' title='bbox 997 4256 1143 4324; x_wconf 79' lang='lat' dir='ltr'><strong>poteraut3</strong></span> <span class='ocrx_word' id='word_1_334' title='bbox 1162 4251 1292 4307; x_wconf 80' lang='lat' dir='ltr'><strong>hosritio</strong></span> <span class='ocrx_word' id='word_1_335' title='bbox 1311 4250 1362 4307; x_wconf 84' lang='lat' dir='ltr'><strong>(lat</strong></span> <span class='ocrx_word' id='word_1_336' title='bbox 1378 4255 1479 4324; x_wconf 80' lang='lat' dir='ltr'><strong>pater,</strong></span> 
     </span>
     <span class='ocr_line' id='line_1_40' title="bbox 275 4321 1480 4394; baseline -0.001 -14"><span class='ocrx_word' id='word_1_337' title='bbox 275 4327 416 4381; x_wconf 71' lang='lat' dir='ltr'><strong>tammum</strong></span> <span class='ocrx_word' id='word_1_338' title='bbox 433 4341 495 4380; x_wconf 83' lang='lat' dir='ltr'><strong>essa</strong></span> <span class='ocrx_word' id='word_1_339' title='bbox 521 4323 680 4380; x_wconf 84' lang='lat' dir='ltr'><strong>affirmavit.</strong></span> <span class='ocrx_word' id='word_1_340' title='bbox 722 4325 851 4380; x_wconf 79' lang='lat' dir='ltr'><strong>Sambi·</strong></span> <span class='ocrx_word' id='word_1_341' title='bbox 899 4341 956 4380; x_wconf 87' lang='lat' dir='ltr'><strong>uon</strong></span> <span class='ocrx_word' id='word_1_342' title='bbox 973 4323 1043 4380; x_wconf 87' lang='lat' dir='ltr'><strong>item</strong></span> <span class='ocrx_word' id='word_1_343' title='bbox 1059 4324 1191 4394; x_wconf 86' lang='lat' dir='ltr'><strong>reliquos.</strong></span> <span class='ocrx_word' id='word_1_344' title='bbox 1238 4321 1303 4380; x_wconf 79' lang='lat' dir='ltr'><strong>lion</strong></span> <span class='ocrx_word' id='word_1_345' title='bbox 1328 4337 1399 4394; x_wconf 83' lang='lat' dir='ltr'><strong>opus</strong></span> <span class='ocrx_word' id='word_1_346' title='bbox 1429 4329 1480 4379; x_wconf 84' lang='lat' dir='ltr'><strong>est</strong></span> 
     </span>
     <span class='ocr_line' id='line_1_41' title="bbox 275 4395 1482 4468; baseline -0.002 -16"><span class='ocrx_word' id='word_1_347' title='bbox 275 4412 458 4453; x_wconf 82' lang='lat' dir='ltr'><strong>musrersum</strong></span> <span class='ocrx_word' id='word_1_348' title='bbox 476 4396 507 4450; x_wconf 91' lang='lat' dir='ltr'><strong>in</strong></span> <span class='ocrx_word' id='word_1_349' title='bbox 524 4401 645 4466; x_wconf 88' lang='lat' dir='ltr'><strong>utroque</strong></span> <span class='ocrx_word' id='word_1_350' title='bbox 663 4397 735 4463; x_wconf 88' lang='lat' dir='ltr'><strong>loeo,</strong></span> <span class='ocrx_word' id='word_1_351' title='bbox 753 4411 848 4465; x_wconf 78' lang='lat' dir='ltr'><strong>qnam-</strong></span> <span class='ocrx_word' id='word_1_352' title='bbox 900 4395 1018 4451; x_wconf 88' lang='lat' dir='ltr'><strong>Bentleii</strong></span> <span class='ocrx_word' id='word_1_353' title='bbox 1043 4395 1204 4451; x_wconf 80' lang='lat' dir='ltr'><strong>coniectura</strong></span> <span class='ocrx_word' id='word_1_354' title='bbox 1225 4395 1339 4468; x_wconf 73' lang='lat' dir='ltr'><strong>perdere</strong></span> <span class='ocrx_word' id='word_1_355' title='bbox 1359 4407 1413 4464; x_wconf 87' lang='lat' dir='ltr'><strong>pro</strong></span> <span class='ocrx_word' id='word_1_356' title='bbox 1434 4399 1482 4450; x_wconf 74' lang='lat' dir='ltr'><strong>lo·</strong></span> 
     </span>
     <span class='ocr_line' id='line_1_42' title="bbox 276 4463 1481 4538; baseline -0.002 -16"><span class='ocrx_word' id='word_1_357' title='bbox 276 4484 360 4537; x_wconf 76' lang='lat' dir='ltr'><strong>quam</strong></span> <span class='ocrx_word' id='word_1_358' title='bbox 376 4468 499 4538; x_wconf 84' lang='lat' dir='ltr'><strong>Hauptio</strong></span> <span class='ocrx_word' id='word_1_359' title='bbox 518 4467 675 4524; x_wconf 78' lang='lat' dir='ltr'><strong>Meinelrins</strong></span> <span class='ocrx_word' id='word_1_360' title='bbox 699 4471 730 4522; x_wconf 89' lang='lat' dir='ltr'><strong>et</strong></span> <span class='ocrx_word' id='word_1_361' title='bbox 748 4466 851 4522; x_wconf 82' lang='lat' dir='ltr'><strong>Linlre·</strong></span> <span class='ocrx_word' id='word_1_362' title='bbox 900 4472 971 4523; x_wconf 74' lang='lat' dir='ltr'><strong>dore.</strong></span> <span class='ocrx_word' id='word_1_363' title='bbox 992 4497 1026 4510; x_wconf 92' lang='lat'><em>-</em></span> <span class='ocrx_word' id='word_1_364' title='bbox 1044 4464 1248 4537; x_wconf 67' lang='lat' dir='ltr'><strong>Nomentum]</strong></span> <span class='ocrx_word' id='word_1_365' title='bbox 1276 4463 1310 4521; x_wconf 86' lang='lat' dir='ltr'><strong>oi.</strong></span> <span class='ocrx_word' id='word_1_366' title='bbox 1329 4465 1385 4521; x_wconf 72' lang='lat' dir='ltr'><strong>sm</strong></span> <span class='ocrx_word' id='word_1_367' title='bbox 1402 4464 1429 4532; x_wconf 87' lang='lat' dir='ltr'><strong>l,</strong></span> <span class='ocrx_word' id='word_1_368' title='bbox 1454 4469 1481 4532; x_wconf 81' lang='lat'><strong>1,</strong></span> 
     </span>
     <span class='ocr_line' id='line_1_43' title="bbox 277 4535 1477 4611; baseline -0.002 -18"><span class='ocrx_word' id='word_1_369' title='bbox 277 4555 326 4593; x_wconf 82' lang='lat' dir='ltr'><strong>rus</strong></span> <span class='ocrx_word' id='word_1_370' title='bbox 342 4539 695 4611; x_wconf 61' lang='lat' dir='ltr'><strong>”semirame-aequis]</strong></span> <span class='ocrx_word' id='word_1_371' title='bbox 714 4537 849 4595; x_wconf 71' lang='lat' dir='ltr'><strong>oleario.</strong></span> <span class='ocrx_word' id='word_1_372' title='bbox 902 4541 960 4594; x_wconf 71' lang='lat'>102.</span> <span class='ocrx_word' id='word_1_373' title='bbox 978 4537 1137 4594; x_wconf 72' lang='lat' dir='ltr'><strong>lte-crona</strong></span> <span class='ocrx_word' id='word_1_374' title='bbox 1153 4535 1218 4594; x_wconf 81' lang='lat' dir='ltr'><strong>vide</strong></span> <span class='ocrx_word' id='word_1_375' title='bbox 1235 4553 1320 4607; x_wconf 75' lang='lat' dir='ltr'><strong>supra</strong></span> <span class='ocrx_word' id='word_1_376' title='bbox 1337 4555 1355 4592; x_wconf 83' lang='lat' dir='ltr'><strong>r</strong></span> <span class='ocrx_word' id='word_1_377' title='bbox 1374 4537 1421 4591; x_wconf 73' lang='grc'><strong>69.</strong></span> <span class='ocrx_word' id='word_1_378' title='bbox 1440 4565 1477 4580; x_wconf 90' lang='lat'><em>-</em></span> 
     </span>
     <span class='ocr_line' id='line_1_44' title="bbox 276 4608 1481 4682; baseline 0.001 -19"><span class='ocrx_word' id='word_1_379' title='bbox 276 4609 348 4678; x_wconf 80' lang='lat'>11,4,</span> <span class='ocrx_word' id='word_1_380' title='bbox 363 4613 404 4664; x_wconf 85' lang='grc'><strong>16.</strong></span> <span class='ocrx_word' id='word_1_381' title='bbox 443 4610 491 4675; x_wconf 88' lang='lat'>111,</span> <span class='ocrx_word' id='word_1_382' title='bbox 502 4613 545 4675; x_wconf 74' lang='lat'><strong>28,</strong></span> <span class='ocrx_word' id='word_1_383' title='bbox 556 4613 583 4668; x_wconf 80' lang='lat'><strong>4.</strong></span> <span class='ocrx_word' id='word_1_384' title='bbox 601 4639 635 4652; x_wconf 91' lang='lat'>-</span> <span class='ocrx_word' id='word_1_385' title='bbox 653 4611 756 4682; x_wconf 67' lang='lat' dir='ltr'><strong>raim]</strong></span> <span class='ocrx_word' id='word_1_386' title='bbox 776 4609 851 4666; x_wconf 86' lang='lat' dir='ltr'><strong>mala</strong></span> <span class='ocrx_word' id='word_1_387' title='bbox 899 4609 1074 4681; x_wconf 65' lang='lat' dir='ltr'><strong>intentatae]</strong></span> <span class='ocrx_word' id='word_1_388' title='bbox 1101 4608 1163 4664; x_wconf 79' lang='lat' dir='ltr'><strong>Etsi</strong></span> <span class='ocrx_word' id='word_1_389' title='bbox 1189 4609 1336 4679; x_wconf 82' lang='lat' dir='ltr'><strong>proprium</strong></span> <span class='ocrx_word' id='word_1_390' title='bbox 1363 4612 1408 4662; x_wconf 85' lang='lat' dir='ltr'><strong>est</strong></span> <span class='ocrx_word' id='word_1_391' title='bbox 1439 4608 1481 4664; x_wconf 86' lang='lat' dir='ltr'><strong>de</strong></span> 
     </span>
     <span class='ocr_line' id='line_1_45' title="bbox 859 4697 874 4730; baseline 0 0"><span class='ocrx_word' id='word_1_392' title='bbox 859 4697 874 4730; x_wconf 71' lang='grc' dir='ltr'><em>Ι</em></span> 
     </span>
    </p>
   </div>
   <div class='ocr_carea' id='block_1_4' title="bbox 0 0 1572 5225">
    <p class='ocr_par' dir='ltr' id='par_1_4' title="bbox 0 0 1572 5225">
     <span class='ocr_line' id='line_1_46' title="bbox 0 0 1572 5225; baseline 0 0"><span class='ocrx_word' id='word_1_393' title='bbox 0 0 1572 5225; x_wconf 95' lang='lat' dir='ltr'><strong> </strong></span> 
     </span>
    </p>
   </div>
  </div>
 </body>
</html>
