3125 5225
471 310 559 377 LIB.
581 310 643 377 111.
667 310 805 378 CARM.
828 311 923 377 XVI.

301 498 503 577 Occultare
527 500 623 575 meis
651 500 800 576 dicerer
826 499 974 575 horreis

397 627 557 725 Magnae
584 625 683 701 inter
706 650 800 725 opes
823 625 945 723 inops.

297 774 420 851 Purae
442 777 548 851 rivus
574 798 697 875 aquae
722 775 896 875 silvaque
920 776 1098 875 iugerum

253 934 281 973 e
297 899 513 975 Paucorum
534 912 572 974 et
593 901 732 999 segetis
754 912 857 975 certa
876 899 972 975 fides
989 926 1099 977 meae

297 1023 524 1124 Fulgentem
548 1024 714 1123 imperio
741 1024 881 1101 fertilis
907 1024 1068 1101 Africae

395 1148 509 1225 Fallit
534 1162 636 1225 sorte
661 1150 822 1226 beatior.

298 1298 540 1399 Quamquam
568 1326 639 1376 nec
659 1300 847 1379 Calabrae
861 1299 989 1375 mella
1015 1301 1145 1375 ferunt
1167 1324 1269 1397 apes,

297 1422 376 1498 Nec
400 1421 678 1523 Laestrygonia
705 1424 877 1501 Bacchus
903 1425 943 1499 in
970 1426 1156 1525 amphora

252 1577 280 1617 a
297 1548 529 1646 languescit
553 1548 648 1626 mihi
669 1575 742 1626 nec
759 1551 921 1649 pinguia
938 1550 1097 1629 Gallicis

396 1674 581 1752 Crescunt
605 1674 750 1751 vellera
773 1674 937 1775 pascuis,

294 1819 521 1923 Importuna
546 1836 674 1899 tamen
700 1825 901 1923 pauperies
928 1825 1045 1920 abest,

293 1948 385 2044 Nee,
412 1948 444 2021 si
469 1947 584 2046 plura
605 1947 732 2041 telins,
759 1960 800 2020 tu
827 1946 921 2022 dare
944 1930 1122 2046 deneges.

296 2072 502 2151 Contracto
530 2070 666 2147 melius
690 2097 812 2169 parva
837 2068 1017 2168 cupidine

251 2231 279 2268 a
397 2196 609 2294 Vectigalia
630 2196 839 2295 porrigam,

129 2434 158 2487 V.
177 2436 222 2489 29.
252 2445 334 2489 cesta
355 2432 431 2503 fides]
458 2432 520 2487 Hoc
544 2449 601 2487 non
628 2432 670 2487 ite
720 2432 769 2503 qui
786 2432 908 2487 maxims
923 2431 1009 2487 habet
1025 2435 1055 2488 et
1071 2431 1245 2488 fertilissima
1256 2432 1295 2488 la·

99 2504 170 2571 dixit,
187 2510 328 2575 tanquam
343 2504 385 2559 eui
401 2505 671 2575 sgrisempercerts
719 2502 865 2559 annm«
895 2534 928 2543 -
958 2505 1082 2577 Africae]
1119 2504 1207 2561 Recte
1238 2506 1295 2560 ism

99 2580 165 2634 esset
180 2577 263 2646 fides,
283 2592 383 2632 verum
402 2578 476 2632 inest
491 2576 671 2646 hypothetica
722 2574 875 2632 Commeat.
905 2574 1003 2648 Cruq.:
1044 2575 1084 2632 »is
1111 2577 1222 2632 beatior
1249 2581 1294 2634 est

97 2650 182 2716 potius
193 2649 356 2705 sententis:
374 2649 399 2704 si
415 2647 523 2720 agellus
540 2665 598 2703 non
608 2665 668 2718 pre·
721 2653 809 2704 stulta
816 2654 929 2717 Africae
938 2655 1106 2720 patrimonia
1114 2654 1296 2722 possidente«,

97 2721 175 2776 nitur
195 2719 361 2776 sterilitate.
381 2721 514 2775 Ceterum
534 2719 670 2775 eiCerm.
720 2736 811 2789 neque
827 2719 1041 2790 intelligendum
1059 2723 1104 2775 est
1127 2720 1163 2775 de
1179 2721 1292 2776 Airicse

98 2791 229 2858 111,1,ec.
268 2792 391 2861 Reliqua
408 2807 475 2862 pars
498 2792 581 2846 huius
599 2797 670 2846 stro·
720 2791 961 2860 proconsulibus«

98 2863 161 2931 phac
179 2863 282 2918 mull'u
305 2879 338 2919 ac
356 2863 442 2920 vanis
460 2863 670 2934 interpretatio·
757 2863 789 2917 V.
802 2865 846 2918 33.
886 2862 1031 2931 Calabrae]
1058 2861 1101 2916 De
1119 2863 1294 2931 praestantis

99 2934 173 2990 nibus
189 2939 309 2992 tentata
327 2938 379 2989 est.
400 2934 612 3005 simplicissima
628 2937 670 2988 ta·
722 2933 834 2990 Calabri
860 2933 951 2989 mellis
974 2933 1038 2988 vide
1063 2933 1199 2997 Casmil,
1212 2935 1293 3004 6,14.

97 3005 331 3091 uenustissime
373 3011 439 3062 Sors
465 3005 539 3089 enim
566 3023 600 3060 ea
617 3012 669 3070 est,
723 3036 755 3044 —
768 3005 977 3130 lamirypvm'a]
996 3005 1175 3088 Adiectirum
1189 3005 1295 3074 quovi-

96 3077 669 3230 Clsffililbplllliassi‘l?
721 3094 787 3216 2:¹3
803 3080 988 3212 mit:
1004 3075 1164 3203 tat.
1182 3095 1296 3214 tlt:

96 3237 134 3273 ms
151 3223 266 3290 quidem
288 3218 502 3290 significationis
521 3220 596 3290 apud
613 3217 670 3274 Ho·
719 3217 791 3272 Nam
815 3219 1031 3290 intelligendum
1055 3220 1152 3274 vinam
1170 3219 1295 3274 Formis·

96 3293 190 3346 ratium
206 3293 318 3362 ubique
334 3289 516 3346 inveniantur
533 3289 668 3362 exempla
720 3308 794 3356 num,
835 3292 911 3360 quod
939 3295 984 3345 est
1010 3293 1086 3346 inter
1123 3291 1295 3345 nobilissima

95 3361 183 3434 Neque
208 3367 346 3428 alterum,
373 3364 402 3416 in
429 3379 484 3432 quo
507 3363 668 3428 haerebant,
718 3361 819 3432 (Germ.
840 3363 862 3425 l,
881 3365 925 3428 20,
946 3364 1001 3432 11);
1033 3362 1137 3416 etenim
1162 3363 1199 3416 sd
1225 3363 1295 3417 For·

96 3433 282 3492 imolensest:
306 3437 668 3506 [altisteettorsstpeatess,·
719 3435 789 3488 miss
813 3434 881 3488 olim
908 3435 1115 3505 laestrygoaes
1154 3434 1297 3489 habitasse

93 3511 185 3574 sutton
204 3507 286 3562 enim
304 3507 420 3562 verbam
438 3520 501 3559 cum
518 3505 668 3576 participio
719 3503 891 3570 ferebantur,
919 3505 955 3560 (le
978 3506 1080 3575 quibus
1097 3505 1180 3560 Hom.
1197 3505 1292 3572 ΟΜ,

96 3593 145 3631 non
179 3579 277 3634 minus
310 3583 388 3632 recte
421 3577 553 3647 coniungi
585 3594 669 3646 quam
720 3579 761 3630 82.
800 3576 880 3631 Ouid.
898 3577 967 3632 Met
977 3577 1121 3640 xivam.
1156 3577 1212 3633 Cic.
1231 3580 1292 3634 stt

93 3665 216 3772 pamm
249 3645 413 3712 λανθάνειν,
438 3648 608 3720 intelligitur
635 3666 669 3703 ex
719 3647 818 3714 11,1a:
855 3647 900 3702 »Si
917 3666 985 3703 vcro
1001 3648 1031 3702 in
1048 3647 1120 3704 banc
1144 3652 1295 3716 τηλέπυλον

114 3721 175 3790 pist.
194 3721 224 3786 1,
249 3725 298 3784 17,
324 3723 373 3788 103
405 3721 549 3789 participii
574 3723 669 3774 autem
720 3719 830 3774 venene
846 3725 1076 3791 Λαιστρυγονίην,
1103 3763 1108 3772 .
1133 3761 1140 3774 .
1169 3725 1294 3777 Formias

93 3789 147 3848 1000
165 3797 275 3848 beatior
309 3795 363 3852 esi,
389 3797 422 3845 ui
445 3807 531 3861 supra
553 3795 669 3863 splessrls'·
719 3791 783 3846 (lico
802 3794 874 3845 eles
898 3821 933 3834 -
958 3791 1087 3862 Gallicis]
1116 3791 1187 3846 Plin.
1206 3791 1240 3846 N.
1258 3789 1293 3846 H.

94 3867 161 3930 tim
179 3863 376 3921 accusativum
396 3862 497 3917 danda
515 3861 669 3918 abeodem
719 3861 853 3927 vltiss:
880 3863 972 3918 »Lana
991 3867 1085 3917 autem
1103 3862 1294 3918 laudatissima

93 3935 171 3990 serbo
190 3953 259 3992 cum
280 3932 432 4005 participio
444 3935 594 3990 coniuncto
611 3951 668 3987 non
721 3933 814 4003 Apula
831 3937 861 3988 et
879 3951 950 4004 quae
973 3934 1004 3988 in
1023 3934 1104 3989 ltalia
1120 3933 1222 3990 Graeci
1246 3952 1295 4005 pe·

92 4020 144 4059 me
169 4009 303 4064 alienum
320 4005 492 4076 Virgilianos
516 4007 594 4061 locus
623 4005 669 4060 (le-
720 4005 796 4060 noris
813 4006 981 4076 appellatur,
999 4005 1067 4060 alibi
1088 4005 1193 4060 Italics.
1227 4005 1293 4060 Ter-

93 4081 226 4133 monstrat
253 4075 521 4146 Aen.VII,3bOsq.
555 4077 590 4130 cl.
609 4077 668 4132 biv.
719 4076 792 4130 tium
809 4076 903 4132 locum
920 4077 1046 4131 Milesiae
1070 4094 1136 4132 oves
1155 4076 1293 4132 obtinent.

94 4145 159 4214 Vin,
177 4155 221 4214 20,
239 4153 266 4204 5.
306 4149 377 4204 sut.
396 4147 463 4204 silv.
480 4148 502 4216 1,
516 4152 542 4213 2,
564 4152 597 4203 10
626 4149 671 4202 set
720 4147 828 4218 Apulae
847 4149 947 4204 breves
964 4149 1033 4204 villo
1051 4165 1104 4204 nec
1121 4147 1177 4202 nisi
1191 4166 1294 4218 paenu-

94 4221 190 4276 medias
209 4219 291 4278 fallit
339 4219 442 4274 rmixta
455 4237 589 4276 sorores«
611 4219 669 4273 Iam
719 4219 754 4274 lis
772 4220 905 4275 celebres.
939 4221 1020 4276 Circa
1036 4220 1187 4274 Tarentum
1206 4219 1293 4274 Canu·

95 4293 298 4350 comitatensi
331 4291 491 4360 quoquesit
504 4293 578 4360 quod
593 4291 667 4358 best,
719 4289 846 4360 siumque
876 4309 1010 4347 summam
1041 4291 1218 4346 nobilitatem
1245 4292 1293 4345 ha-

94 4361 179 4420 ielices
198 4363 300 4420 reddit
317 4361 445 4418 homines
474 4363 517 4424 scs.
535 4363 627 4432 Epist.
647 4361 669 4431 1,
719 4363 796 4418 bent.
840 4363 874 4417 In
891 4362 959 4418 Asia
983 4378 1051 4418 vero
1075 4361 1174 4417 eodem
1191 4379 1293 4433 genere

96 4435 131 4488 to.
152 4437 192 4490 14.
234 4435 330 4490 carm.
349 4433 371 4501 1,
390 4435 436 4500 as,
456 4437 480 4488 1.
515 4433 550 4498 11,
570 4439 597 4498 a,
614 4435 668 4504 21),
719 4433 883 4490 Lwdiceae.
903 4438 1293 4504 atcacsmmpaaaemua

93 4503 157 4562 banc
175 4507 298 4564 babebis
318 4505 504 4560 sententiam:
544 4505 668 4577 »agellus
718 4513 900 4578 praesertum
932 4535 963 4546 -
992 4505 1129 4576 cupidine]
1165 4503 1230 4560 vide
1256 4503 1293 4560 ed
1412 4513 1416 4518 '

93 4593 161 4632 meus
179 4583 259 4634 sorte
278 4595 363 4648 quam
383 4577 502 4647 praebet
513 4577 668 4634 beatiorem
720 4577 856 4644 Camil,
869 4580 911 4642 16,
922 4581 961 4632 lt.
983 4575 1020 4631 cf.
1040 4575 1118 4632 Stob.
1136 4575 1225 4633 Serm.
1243 4579 1291 4632 39:

95 4663 131 4704 ne
148 4651 250 4716 reddit,
280 4667 365 4718 quam
395 4665 496 4720 capere
522 4654 617 4719 potest
643 4649 667 4704 is
722 4647 894 4720 »Ἐπίκουρος
922 4651 1074 4720 ἐρωτηθεὶς,
1107 4650 1167 4708 πῶς
1192 4643 1227 4703 ἄν
1253 4669 1293 4710 τις
