3125 5225
728 175 992 268 CARMINUM

465 393 521 468 Te
546 391 642 490 Spes
665 402 702 468 et
726 383 820 465 albo
845 417 934 468 rara
959 389 1074 466 Fides
1099 388 1192 466 colit

466 515 601 592 Velata
626 541 753 616 panno
780 541 851 592 nec
875 517 1053 592 comitem
1078 515 1253 613 abnegat,

517 641 719 741 Utcunque
745 655 892 718 mutata
915 653 1091 741 potentes

521 847 537 864 ,
568 767 682 844 Veste
710 767 844 842 domos
870 768 1029 843 inimica
1052 764 1206 864 linquis.

429 946 455 988 s
474 912 528 989 At
553 915 690 1014 vulgus
716 915 877 990 infidum
900 928 939 991 et
964 913 1146 990 meretrix
1171 925 1274 987 retro

466 1039 626 1114 Periura
651 1039 765 1136 cedit,
794 1037 1005 1137 diffugiunt
1029 1037 1134 1112 cadis

514 1164 612 1244 Cum
638 1165 747 1240 faece
774 1165 921 1240 siccatis
948 1163 1062 1240 amici
1176 1156 1180 1165 ’

563 1287 680 1364 Ferre
705 1289 841 1389 iugum
862 1288 1009 1387 pariter
1035 1287 1171 1362 dolosi.

463 1438 598 1514 Servos
624 1437 766 1512 iturum
791 1438 996 1516 Caesarem
1023 1436 1064 1510 in
1089 1435 1246 1511 ultimos

422 1597 448 1636 a
466 1561 580 1640 Orbis
606 1562 810 1638 Britannos
836 1575 875 1638 et
899 1561 1081 1636 iuvenum
1103 1583 1235 1636 recens
1299 1559 1303 1565 '

516 1687 686 1764 Examen
709 1687 801 1762 Eois
827 1685 1042 1761 timendum

570 1811 748 1886 Partibus
776 1808 1010 1908 Oceanoque
1031 1809 1162 1882 rubro.

467 1959 574 2037 Eheu
601 1961 821 2037 cicatricum
848 1973 887 2035 ct
910 1957 1065 2034 sceleris
1091 1955 1213 2055 pudet

465 2085 730 2187 Fratrumquc.
785 2085 888 2178 Quid
915 2112 984 2159 nos
1012 2085 1110 2160 dura
1135 2081 1350 2181 refugimus

429 2241 455 2282 a
523 2209 665 2289 Aetas?
694 2211 788 2312 qnid
812 2212 998 2286 intactum
1024 2208 1166 2284 nefasti

569 2335 800 2434 Liquimus?
830 2334 934 2409 unde
957 2359 1115 2409 manum
1140 2333 1317 2407 iuventus

468 2483 575 2558 Metu
598 2482 758 2559 deorum
786 2484 997 2558 continuit?
1026 2483 1164 2581 quibus

268 2694 360 2765 liquit,
380 2696 510 2762 Maxime,
538 2696 681 2755 Fortunae
709 2715 760 2754 neo
788 2697 844 2753 fuit
893 2700 992 2767 aperte
1009 2695 1156 2767 proditur:
1174 2695 1304 2753 confudit
1321 2695 1399 2751 enim
1418 2697 1476 2751 Ho-

269 2766 317 2823 ille
333 2784 452 2823 comes«
487 2796 520 2809 -
548 2770 692 2843 aruaque]
717 2770 781 2826 vide
806 2770 844 2825 sd
893 2769 983 2823 retius
1000 2768 1092 2838 ipsam
1109 2767 1191 2823 deam
1206 2784 1270 2822 cum
1287 2770 1366 2823 stetu
1386 2767 1480 2823 homi·

271 2838 361 2894 Germ.
381 2838 417 2904 11,
439 2843 480 2907 17,
501 2844 542 2895 11.
574 2872 607 2882 ——
637 2854 742 2899 metata
759 2841 843 2910 certe]
892 2840 937 2894 nie
956 2856 1017 2894 cum
1037 2839 1156 2894 adverse
1172 2840 1287 2895 fortune
1308 2837 1478 2894 conflicten-

272 2913 380 2965 mutere
406 2916 521 2977 vestem,
551 2912 570 2967 i.
590 2930 614 2967 e.
633 2914 664 2967 to
701 2930 729 2967 m
753 2912 844 2968 sordi·
895 2912 942 2975 tis,
961 2927 1018 2979 qus
1034 2910 1197 2965 reeliorum
1208 2908 1480 2981 magnemleudem,

269 2982 342 3067 lm.
362 2982 477 3038 induere
506 2982 634 3067 solebant
705 2987 781 3068 meni
807 2983 844 3038 ed
896 2982 1015 3065 riorum
1039 2996 1155 3051 gravem
1180 2981 1398 3066 castigationem
1421 2998 1480 3037 me·

269 3052 844 3207 :ttttttltthtttttttttt
893 3058 960 3179 tt·
985 3052 1480 3206 -lttlt’tttstssttt‘t

270 3196 359 3253 noem
379 3166 512 3262 allatu,
534 3216 615 3268 quem
630 3200 797 3271 reseratas.
814 3199 845 3253 a
894 3196 1024 3251 loannes
1061 3212 1188 3261 mem,
1206 3194 1410 3261 stennius
1423 3195 1478 3250 etf-

270 3266 366 3323 editt
385 3270 426 3323 sio
445 3275 555 3324 mutere
573 3273 690 3325 conetur
709 3274 766 3324 est:
789 3270 845 3325 »Te
894 3265 1034 3323 licillimue
1051 3266 1131 3322 locus
1148 3266 1272 3338 intelligi
1289 3266 1397 3335 nequit.
1436 3267 1480 3322 De

273 3338 343 3409 Spes
362 3342 392 3392 et
408 3338 473 3395 elbo
492 3362 561 3396 eam
570 3340 655 3396 Fides
676 3341 745 3395 colit
768 3345 845 3396 Vela·
893 3354 925 3392 re
957 3354 1089 3409 compare
1113 3339 1194 3395 Ovid.
1218 3338 1303 3393 Trist.
1321 3337 1350 3401 Ι,
1369 3339 1404 3407 t,
1426 3340 1477 3393 25:

270 3422 323 3465 tam
343 3415 458 3466 amicte:
483 3414 529 3467 red
546 3413 676 3481 comitem
695 3414 842 3483 abneget«
897 3408 1027 3467 »Scilicet
1058 3415 1092 3464 ut
1121 3410 1228 3465 fulvum
1261 3413 1410 3479 spectetur
1449 3409 1480 3464 in

268 3480 383 3537 Etenim
401 3503 518 3549 pamm
546 3483 616 3539 dicit
634 3501 692 3539 non
713 3485 844 3554 usurpari
894 3482 1008 3552 ignibus
1032 3498 1139 3545 eurum,
1162 3481 1300 3553 Tempore
1329 3479 1373 3534 sic
1398 3479 1478 3535 duro

270 3552 325 3607 nisi
349 3552 384 3607 dc
409 3552 478 3609 trito
503 3558 552 3609 aut
576 3555 625 3609 vili
645 3554 764 3623 restitu;
795 3555 845 3611 sed
894 3558 938 3607 est
956 3553 1131 3623 inspicienda
1148 3551 1225 3609 fides.
1254 3552 1328 3606 Dum
1345 3551 1428 3605 iuvet
1447 3556 1480 3607 et

269 3623 304 3679 oi.
324 3624 357 3681 A.
377 3624 406 3677 P.
429 3628 460 3683 15
476 3644 516 3695 sq.
563 3626 616 3680 Est
639 3626 732 3695 potius
757 3628 845 3697 perti·
895 3624 976 3679 vultu
994 3623 1071 3679 ridet
1087 3624 1215 3679 Fortun·
1232 3640 1346 3688 sereno,
1370 3622 1477 3678 Indeli·

270 3694 334 3750 culs
355 3695 441 3751 vestis
465 3696 501 3751 ed
529 3697 676 3755 velandum
706 3697 844 3755 dextram.
894 3696 977 3749 betas
1001 3699 1105 3751 cuncte
1130 3702 1288 3765 sequnntur
1314 3710 1392 3763 opes.
1436 3698 1477 3749 At

270 3766 384 3821 Servius
401 3768 437 3821 ed
454 3768 522 3823 Aen.
540 3768 562 3835 1,
580 3772 648 3826 292:
684 3770 724 3823 »ei
743 3769 845 3839 (Fidei)
895 3766 980 3821 simul
997 3767 1131 3830 intonuit,
1141 3766 1262 3838 fugiunt,
1275 3782 1329 3821 neo
1345 3766 1479 3820 noscitur

270 3838 334 3893 elbo
361 3854 455 3909 penno
478 3840 605 3895 involute
630 3857 713 3895 menn
741 3841 846 3895 seond·
896 3837 956 3902 ulli,
981 3838 1150 3909 Agminibus
1167 3839 1303 3893 comitum
1320 3835 1370 3907 qni
1390 3836 1477 3891 modo

269 3911 394 3979 cebatnr,
421 3927 472 3981 per
490 3911 565 3981 quod
583 3912 744 3967 ostenditur
762 3911 845 3967 fidem
895 3909 1005 3965 cinctus
1022 3912 1109 3964 erata
1138 3938 1173 3949 -
1203 3908 1327 3979 siccatio]
1354 3906 1418 3963 vide
1438 3906 1476 3961 ed

270 3980 372 4037 debere
400 3999 461 4038 esse
485 3988 636 4051 secretem3
666 3983 740 4039 unde
757 3982 845 4039 Hore-
897 3981 988 4036 Germ
1006 3980 1033 4045 1,
1053 3984 1103 4049 31,
1122 3984 1163 4035 11.
1194 4010 1221 4021 -
1262 3985 1344 4035 unici
1374 3979 1475 4047 dolori]

269 4052 326 4107 tius
352 4058 405 4110 »Et
423 4056 484 4109 alto
507 4074 576 4109 rara
594 4059 659 4123 fider
683 4058 785 4110 colitur
804 4076 845 4110 re·
896 4052 932 4107 de
962 4053 1062 4123 quibus
1089 4052 1236 4139 egregium
1258 4066 1391 4123 mecum
1409 4066 1476 4119 pro·

269 4128 380 4196 lataque
405 4146 517 4196 paeane
564 4126 676 4181 Horatii
700 4126 785 4181 verbe
812 4144 846 4180 ex
896 4124 1037 4180 verbium:
1067 4128 1121 4187 »ζεῖ
1134 4142 1236 4196 grace,
1258 4125 1289 4197 ζῇ
1305 4124 1410 4197 φιλέω
1441 4151 1476 4162 -

270 4198 405 4253 memoria
432 4196 576 4269 adsumpta
605 4197 724 4268 ideoque
748 4198 847 4267 paulu·
897 4198 961 4264 quid
981 4195 1476 4266 „0213rsvisintenogstionnmeu-

270 4268 328 4323 lum
345 4273 455 4324 mutate
472 4274 545 4335 sunt,
565 4265 606 4324 ita
623 4272 726 4334 temen¹
746 4277 778 4324 ut
787 4270 847 4323 vul·
889 4266 1004 4333 ¹mulus;
1022 4266 1058 4321 cf.
1078 4266 1167 4321 cerm.
1185 4266 1221 4328 11.
1243 4269 1266 4330 1,
1285 4266 1401 4323 29-38.
1431 4265 1475 4319 Ile

307 4346 337 4394 te
356 4339 440 4396 lectio
459 4340 524 4395 inde
541 4340 687 4411 probetur.
731 4338 847 4395 Excidit
896 4354 928 4393 re
949 4353 1081 4408 compare
1098 4338 1235 4393 Carminis
1252 4336 1302 4402 111,
1320 4339 1339 4393 6
1354 4335 1475 4407 primam

270 4356 369 4467 girvio
388 4412 556 4467 hexameter.
897 4413 927 4465 et
945 4410 1073 4465 nltimam
1082 4411 1236 4480 stropium
1249 4438 1279 4449 -
1290 4406 1471 4478 aem1Wex.

307 4480 340 4537 V.
351 4486 393 4537 25.
420 4484 548 4552 Quodis
568 4482 711 4553 superiore
729 4482 846 4607 strosshe
896 4481 933 4535 ed
961 4480 1051 4535 Tacit.
1068 4482 1162 4551 Agr-ic.
1182 4496 1206 4535 c.
1222 4485 1236 4534 1
1258 4491 1364 4542 narrar,
1387 4473 1470 4549 rma

273 4554 360 4611 tacite
379 4553 484 4609 fectum
512 4562 564 4621 ert,
591 4556 621 4610 id
648 4554 691 4609 his
718 4554 793 4609 versi
812 4570 846 4607 us
895 4558 927 4606 et
942 4553 1035 4621 poetis
1052 4552 1260 4621 frequentetnm
1275 4566 1327 4606 nec
1345 4549 1473 4604 Ciceroni
