3125 5225
683 252 720 315 11

222 436 373 503 Rednect
390 436 426 502 in
447 435 562 503 eedem
582 435 663 501 vice.
707 434 804 501 Nunc
826 444 860 498 et
879 429 1104 498 Achaemenio

196 546 360 613 Perfundi
385 545 488 612 nardo
510 546 600 611 iuvat
623 556 656 611 et
677 544 742 610 fide
765 542 927 629 Cyllenea

220 654 352 721 Lerare
376 656 457 721 diris
476 665 610 743 pectora
630 652 915 733 sollicitudinibus,

105 772 134 824 et
157 758 268 829 Carm.
289 762 316 843 I,
340 763 371 842 9,
396 765 416 829 9
438 784 525 851 sqq:

197 870 359 937 Permitte
381 871 465 936 divis
486 880 605 947 cetera,
627 868 682 955 qui
703 867 802 935 simul

197 976 357 1045 Strarere
382 988 497 1043 ventos
521 996 664 1061 aequore
686 974 815 1040 fervido

224 1086 491 1174 Deproeliantes,
514 1106 576 1153 nec
598 1094 659 1153 ete.
728 1172 733 1183 .

196 1194 288 1277 Quid
310 1194 352 1259 ait
370 1194 515 1261 faunum
537 1218 618 1275 cras,
640 1196 721 1279 iuge
742 1191 965 1278 quaerere³⁸).

100 1301 197 1385 Quod
230 1324 306 1367 cum
337 1303 383 1367 ita
412 1314 510 1387 esset,
543 1314 650 1369 tamen
681 1303 715 1369 in
745 1301 917 1370 Octaviani
949 1321 985 1365 se
1016 1298 1192 1365 amicitiam
1221 1300 1298 1367 insi·

99 1432 201 1475 nuare
222 1410 307 1475 nibil
337 1411 477 1493 studuit3
509 1413 607 1477 immo
628 1433 708 1476 vero
732 1434 807 1477 cum
828 1410 893 1475 iarn
912 1408 1081 1474 familiaris
1102 1417 1190 1473 esset
1212 1406 1299 1473 Mae·

100 1519 206 1583 ccnati
227 1529 328 1605 atque
349 1520 425 1585 hnic
446 1541 511 1606 qno
530 1520 564 1586 in
594 1541 668 1585 eum
697 1490 805 1585 anirdo
838 1530 924 1584 esset
954 1529 1068 1607 aperte
1100 1514 1300 1597 ostenderet,

99 1628 137 1693 ab
172 1626 347 1693 Octaviani
380 1629 530 1695 laudibus
563 1640 735 1715 tantopere
767 1628 941 1709 abstinuit,
973 1636 1009 1691 ut
1040 1625 1299 1715 quotiescunque

100 1745 285 1825 opportuna
308 1737 433 1803 occasio
455 1737 526 1801 eius
550 1736 759 1825 praedicandi
787 1737 1013 1824 praeberetur,
1045 1757 1117 1801 eam
1146 1733 1298 1800 omittere

101 1845 215 1909 mallet
239 1866 335 1929 quarn
357 1848 516 1912 assentari
549 1844 664 1911 videri.
719 1845 758 1911 In
788 1845 881 1913 onius
912 1845 962 1910 roi
990 1842 1209 1911 testimonium
1234 1840 1299 1906 duo

100 1951 200 2016 affero
223 1952 379 2038 carmina,
400 1954 541 2021 alterum
564 1965 639 2021 anta
661 1976 809 2043 pugnam
830 1953 1003 2020 Actiacam
1024 1952 1192 2040 scriptum,
1221 1952 1299 2015 alte
1400 2031 1403 2038 Ι

104 2081 174 2123 rurn
197 2069 274 2147 post
296 2082 451 2147 pugnam,
485 2062 590 2151 Epod.
615 2065 688 2129 let
712 2063 821 2129 Germ.
845 2063 945 2143 Ldi,
979 2062 1015 2128 in
1043 2061 1160 2148 quibus
1189 2059 1217 2125 si
1242 2079 1300 2123 ro·

106 2168 219 2233 luisset
246 2166 385 2249 adulam,
418 2169 496 2255 quid
528 2169 695 2258 prohibuit
722 2170 896 2257 quominus
925 2169 1013 2234 idem
1040 2168 1179 2243 faceret,
1213 2165 1300 2250 quod

102 2274 280 2359 Virgilium
291 2279 332 2361 ⁸⁹)
365 2278 483 2345 fecisse
512 2276 683 2345 videmus?
726 2276 816 2362 Quid
841 2277 928 2364 quod
950 2286 1075 2364 postea,
1108 2297 1182 2340 cnm
1213 2274 1299 2339 inter

103 2406 214 2450 omnes
232 2386 479 2473 potentissimus
512 2398 598 2451 esset
621 2385 834 2468 Octavianus,
868 2384 911 2451 ad
943 2384 1035 2449 cuius
1065 2382 1236 2450 arbitrium
1265 2392 1298 2448 et

103 2504 216 2559 nutum
238 2515 354 2561 omnes
375 2518 410 2561 se
441 2496 605 2583 fingerent
635 2506 667 2561 et
697 2496 994 2577 accommodarent,
1028 2492 1098 2558 eius
1126 2498 1298 2557 consuetu-

103 2601 210 2668 dinem
233 2627 301 2670 non
319 2604 424 2670 solum
445 2629 511 2670 non
536 2603 695 2693 quaesivit
716 2605 774 2670 sed
796 2605 894 2671 etiam
914 2601 1101 2670 recusavit?
1144 2598 1229 2666 Num
1252 2598 1300 2666 sic

103 2709 247 2796 legimus
280 2712 314 2776 in
343 2711 423 2776 Vite
445 2711 671 2780 Suetonianez-
702 2714 894 2797 ,Augustus
925 2711 1135 2800 epistolarum
1169 2730 1300 2797 quoque

103 2820 131 2884 ei
152 2819 300 2886 officium
331 2820 458 2904 obtulit,
491 2831 528 2884 ut
556 2821 619 2886 hoe
647 2821 688 2886 ed
710 2821 936 2887 Maecenatem
967 2818 1090 2906 scripto
1118 2819 1300 2904 significat:

105 2927 229 3010 „Ante
240 2931 312 3014 ipse
324 2925 524 3012 sufficiebam
536 2929 716 2994 scribendae
729 2930 876 3016 epistolia
888 2933 1086 3006 amicornm
1106 2951 1191 2992 oeno
1209 2949 1300 2992 cccc·

101 3038 289 3120 retrosimus
310 3049 340 3100 et
362 3037 505 3122 infirmus
518 3035 698 3104 Horatium
720 3052 867 3103 nostrum
881 3051 911 3103 te
925 3047 1020 3123 cepio
1043 3037 1213 3102 adducere.
1245 3034 1300 3098 Ve-

103 3148 168 3208 niet
178 3147 283 3231 iqitur
302 3143 420 3209 absiste
431 3149 613 3230 peraet'tioa
627 3171 737 3211 mensa
748 3147 796 3211 ed
814 3147 896 3213 banc
912 3149 1039 3234 reyiam
1058 3159 1089 3210 et
1106 3168 1166 3209 nos
1183 3147 1217 3207 in
1236 3146 1300 3230 epi·

103 3253 194 3316 stolia
216 3252 398 3317 scribendis
420 3254 636 3320 adiuvabit.““
667 3256 719 3320 Ae
743 3276 785 3322 ne
809 3255 972 3320 recusanti
997 3253 1129 3338 quidem
1152 3262 1208 3318 aut
1231 3274 1300 3318 suo-

104 3361 229 3426 oensuit
252 3359 429 3448 quidquam
451 3371 506 3428 aut
530 3363 704 3428 amicitiam
726 3385 816 3428 suam
839 3362 994 3448 ingerere
1018 3360 1124 3427 desiit.
1161 3360 1300 3459 Exstant

105 3467 271 3553 epistolae,
302 3489 321 3531 e
352 3468 468 3555 quibus
499 3471 684 3554 argmnenti
711 3470 820 3554 gratia
848 3493 950 3558 panea
981 3469 1116 3535 subieci.
1161 3467 1300 3554 „Sume

106 3575 165 3640 oti
190 3575 321 3664 aliqrrid
348 3578 432 3639 iuris
463 3575 554 3662 opud
584 3601 646 3655 me,
682 3589 840 3662 tanquam
855 3580 888 3639 si
917 3578 1085 3640 convictor
1116 3575 1198 3639 cciiii
1223 3573 1300 3660 fue·

104 3687 166 3748 rie:
189 3686 342 3772 quoniam
364 3683 402 3748 id
422 3706 497 3748 cece
519 3683 601 3748 milti
621 3699 724 3750 tecum
746 3707 814 3748 esee
838 3685 939 3767 volui,
961 3687 992 3748 si
1008 3707 1069 3769 per
1083 3684 1301 3750 valetudinem

105 3805 187 3856 mam
199 3794 282 3876 fieri
301 3791 511 3876 potuisset.““
543 3791 583 3856 Et
609 3814 736 3857 rursus:
756 3790 862 3876 „Tui
883 3793 1009 3879 qualem
1030 3791 1166 3856 habeam
1186 3815 1300 3855 memo-

105 3903 193 3978 riam,
212 3903 340 3986 poteris
360 3921 402 3962 ex
415 3897 573 3986 Septimio
592 3922 716 3988 quoque
738 3911 851 3964 nostro
869 3901 1003 3977 Μίνω
1024 3923 1100 3966 nam
1118 3899 1245 3982 incidit,
1265 3914 1300 3966 ut

104 4008 159 4072 ilio
174 4031 286 4072 coram
293 4007 392 4090 fieret
409 4029 432 4070 c
451 4029 500 4069 me
517 4010 567 4071 toi
583 4008 711 4072 mentio.
737 4013 847 4095 Neque
866 4010 951 4071 enim
968 4007 1209 4093 sitcsrrperbus
1222 4012 1300 4072 omi

104 4119 209 4180 citi'crm
228 4129 378 4180 noctram
397 4117 559 4201 sprevuti,
579 4115 654 4178 ideo
674 4137 731 4180 eos
755 4137 882 4205 qnoque
904 4114 1299 4205 ἄνθυπερφρονοῦμεν.“

107 4225 176 4309 Quo
206 4225 331 4292 factum
368 4233 427 4308 eet,
459 4236 496 4288 ut
525 4223 725 4294 Octavianus
756 4247 832 4289 cum
862 4225 1076 4293 Sermonibue
1109 4224 1300 4310 quibusdam

106 4333 192 4399 lectis
212 4335 263 4400 aui
288 4332 418 4399 nullam
445 4333 645 4398 mentionem
678 4332 827 4398 iniectam
860 4333 1046 4419 reperisset,
1075 4333 1121 4398 sio
1142 4354 1297 4419 querere·

133 4497 174 4564 38)
199 4493 365 4560 Utrumque
389 4506 503 4544 carmen
529 4506 602 4545 anno
621 4489 678 4546 iere
767 4491 813 4558 39)
829 4490 927 4561 Virgii.
942 4490 1011 4546 Aen.
1025 4491 1098 4556 VIII,
1107 4493 1160 4548 676
1169 4509 1229 4560 sqq.

105 4569 152 4622 71³
170 4569 315 4637 scriptum
332 4566 413 4632 puto.
