3125 5225
512 243 599 311 ΗΒ.
621 244 649 310 1.
682 242 784 314 SAT.
804 245 833 311 Ι.

103 433 232 509 ιΜίΙοε
258 433 311 509 ait
335 430 456 508 multo
482 433 558 510 iem
585 434 727 509 fraotue
752 432 927 508 membra
952 430 1098 509 labore.

129 560 266 636 Contra
289 571 479 635 mereator
504 558 634 633 navim
659 557 887 633 laetantibus
914 556 1089 633 Austris:

128 680 260 757 Militia
284 694 341 757 eat
363 683 503 781 potior.
551 681 657 775 Quid
682 682 812 757 euim?
858 681 1125 777 Concurritur3
1150 680 1268 757 horae

127 808 315 883 Memento
343 808 420 883 citu
443 832 545 881 mors
572 806 677 883 venit
701 818 768 881 aut
792 806 954 881 viatoria
978 806 1090 882 laeta.
1134 842 1150 863 ·

126 930 343 1029 Agrioolam
366 931 499 1007 laudat
521 931 614 1006 iuris
638 931 847 1029 legumque
872 931 1028 1028 peritus,

88 1089 108 1127 o
127 1056 199 1133 Sub
225 1056 321 1155 gelli
344 1069 500 1133 eentum
527 1054 722 1131 eoueultor
746 1053 815 1129 ubi
839 1054 935 1129 ostia
961 1055 1099 1153 pulsat.

127 1178 203 1275 llle,
233 1179 330 1255 datie
355 1179 518 1254 vadibus
546 1180 614 1279 qui
638 1202 728 1253 rure
754 1188 945 1252 extruetur
971 1178 1011 1253 iu
1038 1178 1173 1254 urbem
1199 1192 1267 1277 est,

126 1305 231 1382 Solos
257 1304 389 1380 felioee
414 1304 584 1381 viventes
609 1302 748 1379 elamat
774 1302 815 1377 in
841 1302 951 1379 urbe.

127 1430 260 1509 Cetera
285 1429 336 1506 de
361 1455 504 1528 genere
531 1429 616 1525 hoo,
641 1427 740 1505 adeo
767 1442 857 1505 sunt
882 1428 1014 1525 multe,
1042 1426 1245 1528 loquacem

125 1556 323 1633 Delaaeare
347 1555 477 1631 valent
500 1555 674 1631 Fabium.
726 1553 785 1629 Ne
810 1566 848 1630 te
873 1578 1012 1649 morer,
1040 1554 1132 1629 audi

84 1734 141 1784 runt
155 1745 247 1798 neque
264 1735 385 1798 poaaunt
403 1726 504 1782 reneri.
526 1726 648 1782 Hioom-
696 1724 775 1781 litiae
793 1730 858 1781 aunt
876 1744 959 1797 quem
978 1726 1061 1783 ritae.
1091 1726 1273 1798 Siguifioetur

84 1800 191 1870 parandi
208 1808 279 1855 aunt
295 1817 360 1855 oum
380 1798 500 1854 Tantalo
519 1797 649 1853 maviani·
698 1798 774 1853 enim
791 1798 880 1867 milon,
901 1798 949 1869 qui
964 1798 1053 1853 multa
1063 1798 1204 1869 stipendia
1214 1816 1271 1854 me·

84 1889 135 1927 ner
150 1872 248 1943 stupea
257 1888 369 1941 temper
380 1870 586 1940 contemplanti
599 1868 648 1924 aad
698 1870 757 1924 ruit
776 1886 866 1940 neque
886 1874 981 1925 tamen
999 1875 1110 1924 tantum
1128 1870 1182 1926 eibi
1191 1888 1272 1942 para·

83 1940 207 2013 perpetue
225 1942 304 1997 fame
315 1948 427 1997 vexato.
444 1940 519 2012 Opea
536 1942 573 1996 iia
591 1957 649 1995 uon
699 1941 750 2006 rit,
767 1946 801 1996 nt
820 1957 922 1996 »aanor
940 1942 969 1995 in
982 1941 1128 1995 otiatutaa
1140 1942 1272 1998 recedere

84 2014 218 2070 oonrnoda
235 2019 341 2085 parant
361 2012 411 2068 aed
428 2018 534 2067 metum
551 2012 650 2068 aoaol·
699 2016 803 2081 posset.
823 2030 848 2068 r.
861 2016 904 2067 31.
923 2013 957 2067 oi.
977 2010 1054 2079 Ἦρα.
1071 2012 1142 2069 Aen.
1152 2013 1201 2079 IX,
1211 2016 1271 2069 246.

83 2086 257 2142 liaitndiuem.
277 2084 367 2141 Nemo
386 2088 431 2139 eat
449 2084 498 2154 qui
516 2084 589 2139 talea
601 2082 649 2137 be
699 2082 809 2153 uret.
827 2082 887 2139 Liv.
906 2082 941 2147 X,
951 2086 994 2152 34,
1006 2087 1048 2137 12.
1072 2082 1167 2139 Etiam
1184 2086 1273 2155 parti·

83 2159 160 2213 nina
170 2166 256 2222 amat,
267 2173 304 2211 na
315 2155 430 2227 cognati
440 2156 568 2225 quidem
584 2171 649 2210 nam
699 2154 762 2209 oula
780 2161 835 2211 tom
845 2154 979 2209 Bouherii
997 2154 1175 2211 oonieoturae
1192 2174 1273 2227 repu-

84 2246 114 2284 na
136 2229 187 2299 ipai
211 2228 331 2298 quidem
354 2244 523 2297 quemqnam
546 2231 649 2281 amant.
700 2234 778 2297 grat
792 2226 953 2296 -AaatrtaJ
966 2225 1272 2298 earm.111,2r„21.1v‚

85 2300 139 2367 Quo
155 2299 195 2367 111,
219 2304 255 2354 ut
274 2300 304 2354 in
321 2300 385 2370 ipae
401 2298 545 2355 homiuum
563 2298 650 2373 aoeie-
704 2300 797 2363 14,21.
812 2328 842 2337 -
861 2301 923 2368 quid
936 2298 1016 2367 eain]
1037 2296 1093 2355 Sat
1113 2298 1149 2365 11,
1168 2302 1193 2367 ³,
1213 2302 1273 2355 132.

83 2374 135 2425 tate
149 2372 184 2427 ab
202 2370 337 2425 omnibus
354 2369 555 2434 deatituantur,
573 2369 666 2424 dero..
700 2367 786 2439 Apud
811 2367 975 2423 Ciceronem
1006 2386 1115 2439 semper
1145 2372 1274 2441 requitur

84 2447 179 2498 mutor.
197 2459 224 2498 r.
233 2440 366 2509 99.οιίά
383 2441 471 2511 igitur
483 2440 514 2509 d)
523 2440 591 2495 inda
601 2439 652 2495 do·
700 2442 791 2496 altera
808 2440 1005 2510 iuterrogatio.
1020 2448 1120 2497 -rtra
1151 2441 1210 2496 Alii
1227 2454 1274 2497 aar

84 2515 189 2569 eemori
232 2512 440 2567 Derietendum
463 2512 652 2582 aliquandoa
701 2518 770 2567 otta:
790 2510 839 2566 sed
861 2511 896 2566 ol.
905 2514 939 2565 72
957 2515 986 2567 et
998 2513 1056 2566 101.
1076 2512 1110 2567 oi.
1153 2512 1275 2577 ium,

85 2584 242 2657 oolligeadia
251 2582 652 2650 dividufroendumtendem
700 2584 750 2639 48:
771 2580 834 2638 »hio
851 2582 1079 2640 vincendumaut
1090 2584 1274 2651 moriendum,

84 2673 137 2714 aare
152 2675 188 2713 ne
200 2657 279 2712 mala
296 2657 357 2711 rita
367 2657 471 2710 malam
483 2655 585 2713 habeat
594 2656 652 2710 exi·
700 2656 814 2724 militer,
833 2659 884 2720 eat,
900 2655 949 2709 ubi
959 2655 1082 2724 primum
1093 2655 1170 2712 horti
1180 2675 1275 2712 orout·

85 2731 137 2782 tum
153 2736 189 2796 (r.
203 2729 279 2798 10⁰).
325 2727 423 2796 Neque
447 2729 597 2796 propterea
621 2727 652 2781 in
701 2727 804 2781 riatiu
829 2757 857 2766 ·-
873 2726 1013 2796 moneare]
1034 2727 1070 2782 of.
1086 2725 1206 2794 LiulX,
1227 2731 1274 2784 16:

84 2801 249 2856 eontrarium
266 2798 371 2854 vitium
392 2799 555 2853 delabamur
567 2815 650 2869 opor·
701 2800 899 2867 momentoque
916 2797 998 2852 uniua
1017 2797 1102 2854 horae
1120 2815 1217 2854 omem
1227 2800 1275 2856 Sa-

85 2875 197 2935 lamin
209 2876 273 2930 »eet
283 2870 535 2926 moduaiurebuea
554 2886 580 2925 r.
591 2871 650 2924 106.
701 2869 783 2938 mnia,
801 2867 963 2924 Satrioauur
975 2873 1074 2938 oaptur
1089 2875 1118 2924 et
1135 2871 1229 2926 omnia
1245 2872 1275 2926 in

85 2941 223 2998 Vereunr
242 2940 652 3012 reapoudeturadprimiver·
701 2945 842 3011 potestate
865 2939 988 2995 eontulit
1006 2946 1111 2996 erant«
1140 2971 1175 2982 -
1204 2947 1275 2998 tario

84 3029 124 3068 rua
140 3013 408 3084 interrogationem
427 3011 521 3068 Satira
537 3011 650 3081 quaudo
701 3011 818 3085 peritur]
839 3009 902 3066 Nou
918 3012 962 3065 eat
976 3015 1112 3080 patronus
1122 3013 1276 3070 oauaaevel

83 3086 179 3155 roripta
195 3087 235 3142 eit
253 3087 433 3156 ignoremua3
451 3083 598 3154 probabile
609 3088 651 3137 ta·
701 3087 807 3146 orator,
824 3081 874 3138 red
885 3083 928 3138 vir
939 3081 1008 3136 iuria
1024 3083 1141 3138 seientia
1156 3085 1276 3156 inriguis

82 3171 138 3210 men
152 3161 196 3212 aat
213 3175 252 3213 ex
270 3155 381 3210 ultimis
403 3173 466 3210 eam
490 3171 551 3210 erae
568 3155 651 3210 haina
701 3155 750 3224 qui
769 3152 815 3209 vel
837 3155 867 3208 in
885 3152 948 3209 soro
967 3153 1111 3210 ambulans
1128 3155 1175 3210 vel
1200 3155 1277 3211 domi

82 3225 147 3293 libri,
172 3233 204 3282 at
227 3227 370 3297 scriptam
391 3244 418 3282 a.
436 3229 498 3290 719,
525 3243 583 3280 non
610 3225 652 3280 ita
700 3225 732 3280 iu
748 3225 822 3280 atrio
843 3225 941 3280 aedem
951 3224 986 3278 de
997 3225 1059 3280 iure
1071 3243 1117 3281 ree
1156 3245 1206 3283 nea
1216 3227 1275 3282 dat.

82 3299 160 3355 multo
178 3297 650 3370 poatquamprimnaliberGeorg.
699 3296 791 3368 Epist.
811 3295 846 3360 Π,
872 3298 975 3360 1‚104.
1034 3297 1090 3353 Cio.
1146 3315 1187 3354 ur.
1208 3315 1233 3352 o.
1248 3301 1276 3354 9.

86 3368 188 3443 Virgilii
205 3371 308 3426 editur
325 3374 384 3438 σοι,
404 3385 501 3425 verane
513 3370 587 3423 enim
600 3371 652 3424 114
701 3367 822 3422 Martial.
841 3367 863 3432 1,
882 3370 925 3432 50,
944 3369 992 3422 35:
1012 3367 1090 3424 »Non
1108 3374 1220 3439 rumpet
1236 3371 1275 3424 al·

82 3458 133 3510 rqq.
160 3449 296 3512 apertam
330 3440 436 3496 hebent
467 3439 652 3494 imitationem
701 3443 764 3494 tum
772 3439 1034 3509 pelliduaeomuum
1046 3452 1119 3508 reue,
1131 3441 1185 3496 Sed
1195 3458 1276 3497 mane

82 3510 168 3582 lirgd
188 3514 300 3581 Georg.
316 3511 340 3575 I,
351 3515 404 3566 512
418 3528 480 3582 aqq.
514 3510 652 3566 hautein
701 3515 794 3567 totum
813 3509 963 3566 dormire«
983 3537 1018 3550 -·
1046 3510 1276 3582 varronemque

84 3581 146 3639 liter
161 3584 279 3656 Virgilii
299 3601 325 3638 a
336 3585 389 3638 719
407 3583 499 3638 editae
515 3585 568 3638 eat.
701 3581 777 3653 apud
790 3584 951 3651 praetorem
962 3581 1138 3651 spondebant
1155 3601 1234 3640 reum
1245 3585 1275 3639 iu

111 3652 650 3725 r.r..0m-1viuegenue.-pn]
701 3652 836 3708 iudicium
857 3651 931 3706 rietir
962 3653 1039 3721 quod
1065 3655 1096 3708 ni
1118 3653 1201 3711 fieret
1216 3655 1277 3712 fore

84 3725 131 3780 cie
137 3725 203 3798 lag.
214 3727 252 3792 11,
266 3730 311 3792 11,
319 3729 371 3781 28:
391 3730 485 3793 »Fora
502 3725 532 3778 in
541 3741 597 3794 quo
609 3725 651 3779 in·
699 3730 732 3780 ut
742 3724 799 3793 ipai
808 3723 867 3778 litia
879 3723 1102 3780 aestimationem
1119 3725 1277 3783 sufferrent.

82 3800 141 3852 eun·
149 3817 231 3854 mana
242 3795 444 3869 significantur
452 3797 543 3866 magia
555 3799 651 3865 (quam
700 3796 757 3852 Cio.
765 3795 802 3850 de
813 3794 859 3850 off.
870 3793 921 3859 111,
930 3798 971 3860 10,
983 3797 1027 3853 lo.
1046 3796 1165 3866 Proprie
1183 3803 1277 3855 autern

83 3869 272 3940 uuonan-p
296 3869 394 3924 Etiam
408 3871 523 3923 obticere
533 3869 652 3923 verbum
699 3869 853 3924 oumoadea
866 3866 896 3921 in
913 3883 945 3920 re
964 3867 1079 3935 oapitali
1100 3875 1204 3934 essent,
1221 3888 1278 3926 nou

85 3938 212 3998 iurem
231 3937 651 4010 eaaumaignilioat-o'ltaNn
699 3938 729 3992 in
749 3955 782 3992 re
800 3937 887 4002 uirili,
908 3937 930 3992 ii
949 3937 1082 3994 videntur
1100 3947 1177 3998 reete
1194 3942 1276 3998 iutel-

84 4010 217 4068 oodioibne
242 4012 354 4082 legitur
380 4013 466 4065 etiarn
482 4015 552 4078 atta,
575 4008 651 4080 quod
701 4009 810 4076 lexiaae,
829 4009 878 4078 qui
888 4009 1027 4064 rusticum
1039 4014 1191 4068 vadimonio
1202 4019 1276 4082 tuoto
1386 4051 1394 4068 ι
1420 4033 1422 4040 ·

84 4079 143 4136 ferri
155 4085 257 4154 nequit
268 4089 391 4153 propter
405 4081 552 4136 relativum
563 4101 651 4152 ρυιιιιι,
699 4081 730 4134 1ιι
738 4080 838 4136 urbem
848 4084 973 4135 tractum
984 4081 1154 4138 existimant.
1171 4081 1276 4140 Aaron.

85 4168 132 4222 quo
148 4155 408 4212 demonatrativum
426 4153 590 4222 requiritur.
619 4183 651 4192 -
700 4151 782 4222 ldyll.
799 4154 845 4206 12:
867 4151 952 4219 »Quia
971 4153 1048 4208 nubit
1060 4155 1089 4208 in
1103 4171 1221 4224 poenam
1231 4172 1276 4210 oa·

87 4227 179 4297 hader]
203 4227 252 4282 Ex
278 4231 405 4297 negate
422 4224 558 4280 vocabulo
575 4243 651 4278 mo
701 4223 785 4293 pitali
804 4221 933 4278 iudioiot
951 4241 1009 4280 rea.
1029 4223 1110 4291 Quid,
1129 4226 1154 4279 ai
1173 4225 1277 4281 lirine-

86 4293 214 4353 affirmene
232 4305 349 4370 petoque
366 4312 420 4366 par
439 4313 555 4367 neugma
571 4294 653 4350 iutel-
701 4295 741 4348 rit
751 4294 930 4350 nummaria?
949 4295 1010 4364 quir
1020 4295 1273 4366 dabiturrpraes.«

85 4366 214 4436 bomon
232 4374 289 4425 eat.
319 4398 354 4409 -
380 4370 472 4440 praei·
490 4367 581 4437 amia]
606 4365 653 4420 Sir
701 4365 736 4421 ei.
753 4366 790 4422 ad
808 4365 865 4422 Sat.
876 4365 897 4430 l,
911 4368 937 4432 9,
948 4369 992 4421 36.
1010 4396 1044 4407 -
1065 4369 1176 4438 elamat]
1195 4369 1277 4425 forti·

85 4441 192 4505 notiora,
215 4457 342 4510 qnorum
359 4438 513 4494 auetoritne
530 4455 586 4494 non
602 4438 651 4494 de·
699 4443 746 4493 ter
765 4437 921 4494 oontendit.
942 4437 1000 4494 Sat.
1012 4436 1048 4502 11,
1059 4440 1085 4506 3,
1096 4441 1156 4494 180.
1174 4439 1226 4511 Ερ.
1238 4441 1274 4506 Π,

86 4509 138 4566 buit
153 4513 254 4568 eedera
264 4509 588 4568 coniecturaeBonbarii
604 4530 650 4565 ar·
701 4511 776 4575 1‚80.
795 4539 829 4552 -
849 4508 971 4578 Fabiam]
989 4508 1065 4564 Idem
1084 4509 1141 4566 Sat.
1148 4511 1170 4576 1,
1178 4515 1203 4574 2,
1218 4515 1277 4568 134.

87 4587 143 4652 ¹5⁸3
158 4587 408 4654 quemqnamm'
426 4599 483 4638 uon
498 4582 589 4654 magia
600 4579 651 4636 mi-
699 4579 1083 4652 Stoiouaaratalogue,quem
1091 4583 1214 4652 equitem
1221 4584 1275 4640 Ro·

120 4693 498 4745 inflammabuntur.
