3125 5225
397 292 485 359 me.
510 291 536 358 1.
560 273 697 360 orsu.
720 291 814 359 xvi.
837 292 948 361 nvn.

274 479 385 555 Limo
412 495 565 556 coactus
590 479 817 581 particulam
839 481 1012 582 undique
1072 565 1075 568 ,

230 636 256 675 e
322 603 523 680 Desectam
549 619 588 680 et
611 606 735 681 insani
760 607 883 681 leonis

367 729 455 804 Vim
474 730 675 806 stomacho
694 734 917 829 opposuisse
945 747 1087 808 nostro.

271 878 357 952 Irae
382 878 573 976 Thyesten
601 881 715 956 exitio
739 885 847 980 gravi

270 1003 447 1079 Stravere
472 1021 511 1080 et
537 1006 624 1080 altis
650 1007 811 1082 urbibus
836 1009 992 1084 ultimae

320 1127 466 1204 Stetere
488 1155 633 1226 causae,
661 1157 729 1206 cur
749 1135 919 1231 perirent

224 1287 251 1326 so
370 1251 559 1328 Funditus
583 1257 906 1357 impremeretque
933 1261 1050 1334 muris

266 1401 420 1478 Hostile
444 1417 612 1480 aratrum
639 1407 823 1481 exercitus
851 1407 1028 1483 insolens.

268 1527 482 1625 Compesce
507 1541 687 1626 mentem3
716 1557 778 1606 me
804 1557 958 1631 quoque
981 1537 1146 1632 pectoris

320 1652 498 1728 Tentevit
523 1655 564 1728 in
592 1654 697 1729 dulci
723 1655 879 1732 iuventa

367 1777 512 1853 Fervor
537 1791 575 1852 et
600 1779 641 1851 in
669 1776 810 1852 celeres
837 1780 983 1854 iambos

224 1963 250 2001 e
267 1927 379 2003 Misit
400 1927 603 2000 furentem.
654 1925 766 2000 Nunc
791 1951 864 2023 ego
891 1927 1046 2002 mitibus

263 2049 416 2124 Mutare
443 2073 586 2146 quaero
609 2025 739 2142 tristia,
770 2047 862 2122 dum
885 2051 979 2124 mihi

315 2171 404 2247 Fies
426 2172 627 2246 recantatis
652 2172 776 2246 amica

368 2280 598 2392 Op'probriis
625 2297 872 2396 animumque
898 2299 1049 2374 reddas.

394 2676 400 2686 ’
493 2692 682 2777 Girumu
714 2694 839 2779 XVII.

267 2859 393 2935 Velox
420 2884 623 2951 amoenum
649 2884 762 2957 saepe
787 2859 1018 2935 Lucretilem
1098 2953 1103 2963 ¹

81 3057 137 3110 celis
163 3057 288 3127 undique
313 3056 456 3125 decerptis
483 3054 644 3124 hominique
695 3058 831 3128 aratrum]
861 3056 915 3111 Est
932 3058 1087 3126 symbolum
1106 3054 1265 3117 eversionis,

80 3128 170 3182 sdditis
186 3128 288 3183 fabule
305 3128 330 3181 si
350 3144 406 3181 non
423 3128 459 3181 eh
476 3127 538 3196 ipso
556 3126 645 3181 Hore-
694 3146 757 3193 oum
776 3130 873 3192 solnm,
895 3130 924 3183 in
944 3144 999 3198 quo
1020 3128 1088 3182 urbs
1105 3128 1194 3191 stetit,
1206 3142 1267 3179 ers·

81 3200 114 3251 tio
125 3201 283 3270 excogitate
295 3205 348 3261 est,
368 3203 461 3251 temen
476 3214 550 3253 nunc
569 3198 644 3267 spud
694 3204 750 3255 tur.
759 3199 919 3268 Hieronym.
931 3201 962 3254 in
969 3199 1085 3253 Zeohnr.
1097 3216 1122 3254 c.
1130 3200 1162 3253 8:
1183 3197 1267 3251 »Are-

81 3270 172 3324 mllnm
195 3270 342 3340 reperitur
360 3269 497 3323 Grsectnn
522 3274 643 3337 postem.
693 3278 754 3326 tum
780 3272 916 3341 templum
933 3271 1215 3339 Hierosolymitsnum
1237 3267 1267 3322 in

81 3340 173 3410 lepide
188 3346 287 3396 eutem
304 3339 416 3395 febnlee
439 3346 541 3394 netur-e
567 3341 645 3393 miri·
693 3343 876 3415 ignominium
903 3342 995 3413 gentis
1021 3357 1194 3412 oppresses«
1234 3366 1264 3378 -

81 3411 122 3465 hoe
144 3413 278 3483 congruit
306 3428 370 3466 curn
396 3411 484 3465 totins
512 3410 643 3465 oriminis
694 3420 723 3469 in
741 3418 815 3469 dulci
833 3414 952 3484 iuventa]
979 3412 1158 3468 Adiectirum
1176 3414 1265 3466 dulcis

81 3482 157 3537 nonu
173 3490 202 3538 et
219 3483 351 3539 oonsilio.
370 3481 555 3536 Prometheus
569 3483 643 3537 enim
693 3502 927 3555 superrsceneum
945 3502 1002 3539 non
1028 3490 1085 3552 est;
1114 3500 1180 3537 nem
1203 3498 1265 3537 oum

82 3570 134 3607 cen
154 3556 298 3609 hominem
325 3553 432 3623 fingere
449 3553 541 3613 vellet.
567 3554 641 3617 limo,
692 3557 796 3611 hebeat
812 3556 1019 3611 mercationem
1038 3555 1124 3619 locus,
1143 3570 1204 3609 eam
1220 3552 1266 3607 hic

81 3640 140 3693 quse
164 3624 331 3696 principalis
351 3640 419 3693 pere
447 3624 567 3679 hominis
589 3630 642 3689 est¹
693 3627 846 3698 significari
864 3629 1037 3682 iuventutem
1054 3630 1135 3695 petet
1154 3642 1208 3694 qne
1225 3625 1267 3677 iu·

81 3696 251 3783 mdeeunque
267 3700 407 3765 temptem
432 3696 577 3751 materiem
595 3696 643 3751 ed-
693 3716 776 3755 venes
796 3700 890 3754 omnis
907 3698 963 3753 sihi
980 3698 1267 3767 licereputentsuee·

81 3766 148 3821 didit
165 3768 281 3823 Scilicet
299 3784 363 3821 cnm
380 3768 498 3839 singolis
512 3768 642 3837 pertibus
693 3788 747 3843 que
765 3770 928 3839 indulgeant
945 3768 1107 3824 temeritati.
1128 3766 1265 3824 Similiter

82 3838 110 3892 ii
125 3856 222 3911 corpus
238 3838 418 3895 formandum
434 3841 585 3908 essumptie
597 3854 643 3893 ve·
693 3844 783 3898 Germ.
794 3842 909 3906 1,87,11
929 3842 1016 3895 dulcis
1034 3844 1080 3893 est
1095 3846 1215 3908 sertem.
1233 3868 1264 3877 -

82 3914 171 3965 simet
185 3912 273 3967 etism
291 3908 462 3981 cupiditates
486 3914 571 3980 etque
598 3926 642 3965 oc-
693 3918 794 3969 esteres
815 3912 928 3984 inustos]
952 3910 1108 3981 Epitheton
1124 3912 1266 3979 vitupere-

83 3988 207 4051 eperunt
225 3982 317 4048 sedes,
341 3982 370 4035 in
396 3981 496 4051 quibus
515 3980 643 4036 habitere
692 3986 800 4040 tionem
817 3984 910 4053 eddit3
938 4000 1002 4037 nem
1021 4000 1054 4037 ee
1074 3996 1184 4052 qnoque
1201 3996 1265 4034 cum

83 4068 120 4105 a!
136 4057 277 4109 scutimus·
320 4054 368 4107 Sic
390 4053 433 4107 ira
457 4069 474 4104 α
498 4054 578 4106 leone
595 4050 642 4107 de·
693 4056 837 4112 celeritste
865 4056 1015 4111 coniuncte
1043 4058 1101 4117 est,
1134 4052 1265 4123 quonism

83 4130 178 4195 sumpts
204 4123 381 4180 stomachus
409 4124 510 4190 (Csrm.
525 4124 546 4187 Ι,
568 4127 594 4187 6,
614 4127 642 4190 6)
692 4127 842 4183 consilinm
859 4126 1265 4193 desideretur-animumque

83 4194 163 4249 oetlem
178 4196 298 4267 sucepit.
327 4226 360 4235 -
379 4207 405 4247 st
423 4195 526 4265 insunt]
546 4208 571 4249 et
590 4210 642 4265 pro
693 4202 802 4265 reddes]
822 4216 879 4267 qno
898 4198 964 4252 olim
980 4196 1010 4251 in
1029 4211 1163 4249 moeres.

85 4272 161 4321 stiam
187 4296 219 4309 -
253 4266 392 4336 Μυκη]
418 4266 454 4320 ol.
479 4266 534 4321 cto.
562 4265 642 4321 Tune
853 4309 873 4365 C
1019 4304 1095 4361 XVII

84 4334 122 4399 u,
140 4342 181 4403 es
200 4343 233 4394 rs
252 4337 337 4394 etto
357 4336 447 4393 cam
466 4336 487 4402 1,
506 4341 531 4403 s
553 4342 580 4393 e.
609 4366 641 4377 -
882 4326 1002 4364 armen
1097 4348 1104 4361 ·

84 4410 181 4464 ultim
198 4422 297 4467 stetere
315 4408 427 4477 ceurae]
446 4408 567 4464 Ultimos
578 4412 644 4463 sunt
729 4405 846 4459 Carmen
863 4422 918 4473 qno
925 4402 1114 4485 Tyndaridem
1133 4406 1166 4456 ut
1181 4400 1217 4455 ed
1235 4418 1266 4483 ρο

85 4480 113 4531 ih
129 4480 185 4550 ipse
201 4500 233 4537 re
250 4478 464 4545 remotissimus,
480 4480 568 4551 igitur
587 4481 643 4550 pri·
693 4476 722 4530 in
745 4476 841 4531 villam
858 4476 952 4530 veniet
971 4475 1080 4537 inritet,
1110 4490 1128 4527 e
1148 4476 1209 4527 erte
1233 4490 1262 4525 m

85 4565 147 4617 Μ
174 4552 274 4608 deinde
305 4564 382 4607 utere
410 4548 549 4619 dicuntur,
576 4568 642 4621 quo·
693 4547 762 4603 dues
791 4552 822 4602 et
846 4547 974 4617 eequnles
999 4549 1095 4628 portes
1143 4543 1265 4599 'viditur

86 4620 315 4680 misnenses
325 4626 642 4677 muniunt-tonus
691 4620 761 4675 Nem
779 4624 930 4690 postquem
950 4632 1095 4686 superiore
1117 4620 1198 4686 perte
1222 4617 1265 4667 to-
