3125 5225
405 400 411 411 ἱ
455 306 543 375 ura.
563 306 612 377 11.
633 305 734 376 ear.
757 306 835 374 vn

106 489 325 569 Auctoratus
351 516 427 588 eas,
448 518 499 568 an
521 492 626 593 turpi
650 492 802 569 clausus
820 494 861 569 in
882 518 980 589 arca,

65 648 86 685 e
106 616 185 707 Quo
208 628 247 691 te
271 616 424 693 demisit
447 618 595 715 peccati
619 618 775 694 conscia
797 617 939 713 herilis,

106 742 344 819 Contrsctum
370 742 534 840 genibus
557 755 693 841 tangas
720 745 861 841 caput?
910 742 1027 819 Estne
1053 743 1191 819 merito

104 869 293 947 Matronae
317 868 509 967 peccantis
531 868 571 945 in
596 870 711 946 smbo
737 871 837 946 iusto
862 870 1055 967 potestas?

105 992 146 1067 In
167 1006 430 1093 corruptorem
456 992 520 1071 vel
544 991 689 1069 iustior.
739 993 815 1071 Illa
840 1006 967 1069 tomen
994 1017 1042 1069 se·

103 1118 181 1193 Non
204 1118 337 1193 habitu
358 1130 529 1195 mutatve
553 1116 649 1215 loco,
671 1130 856 1217 peccatve
886 1142 1061 1217 superne.

65 1276 85 1315 s
107 1244 195 1321 Cum
217 1254 257 1317 te
282 1239 466 1317 formidet
488 1240 628 1317 mulier
655 1266 782 1341 neque
809 1242 941 1319 credet
966 1242 1121 1336 amanti,

103 1367 173 1442 ibis
196 1366 269 1442 sub
294 1367 446 1441 furcam
471 1364 640 1463 prudens
664 1365 903 1466 dominoque
930 1355 1072 1443 furenti

105 1490 317 1569 Committes
329 1514 413 1565 rem
425 1515 580 1566 omnem
593 1490 761 1575 evitem
770 1503 808 1567 et
818 1516 906 1567 oum
916 1516 1077 1589 corpore
1086 1491 1241 1567 famam.

102 1613 240 1689 Iivasti:
267 1612 397 1709 credo,
419 1624 566 1689 metues
593 1596 809 1714 doctusque
834 1614 1008 1708 cavebis3

104 1738 264 1831 Quaeres
287 1738 442 1837 quondo
469 1738 607 1816 iterum
631 1764 771 1837 paveas
798 1739 1016 1838 iterumque
1042 1740 1171 1837 perire

66 1895 85 1933 :r
104 1863 230 1958 Possis,
258 1886 282 1935 o
308 1862 418 1937 toties
443 1860 596 1939 servus!
637 1863 747 1956 Quae
769 1860 885 1947 belua
909 1864 1042 1963 ruptis,

105 1988 191 2065 Cum
217 1984 338 2063 semel
365 1986 510 2083 effugit,
538 1985 666 2099 reddit
691 2012 733 2063 se
755 2011 876 2085 prava
902 1987 1072 2063 catenis?

104 2110 182 2186 Non
190 2138 275 2187 sum
287 2109 563 2207 moechus‚sis;
577 2136 705 2211 neque
718 2135 802 2209 ego,
815 2110 980 2207 hercule,
992 2111 1067 2207 fur,
1077 2110 1144 2187 ubi
1153 2136 1244 2187 vass

101 2236 295 2315 Praetereo
317 2236 469 2337 sapiens
494 2249 694 2335 argentea:
721 2236 815 2313 tolle
841 2236 1041 2336 periclum,

102 2360 174 2435 Iam
199 2387 301 2461 vegs
321 2360 505 2461 prosiliet,
519 2361 638 2437 frenis
659 2374 798 2439 notura
821 2363 989 2439 remotis.

67 2512 85 2553 a
104 2486 203 2560 Tune
226 2484 325 2561 mihi
351 2484 540 2582 dominus,
563 2512 691 2561 rerum
717 2486 890 2585 imperiis
914 2486 1193 2589 hominumque

103 2608 168 2684 Tot
190 2611 386 2709 tantisque
409 2609 548 2705 minor,
575 2636 690 2710 quem
716 2623 775 2686 ter
802 2609 971 2687 vindicta
997 2625 1209 2713 quaterque

103 2732 280 2832 Imposita
305 2733 409 2812 houd
437 2761 609 2836 unquam
635 2735 775 2810 misere
803 2733 1011 2811 formidine
1035 2737 1192 2835 privet?

104 2855 208 2934 Adde
232 2885 351 2958 super
375 2849 487 2935 dictis
515 2858 621 2960 quod
647 2883 724 2934 non
749 2859 873 2934 levius
901 2859 1045 2937 valeat:
1071 2886 1161 2936 nam

66 3065 141 3126 teari
149 3069 276 3144 ferroque
285 3039 646 3143 noceria-itidemst
704 3072 737 3131 V.
756 3075 799 3129 74.
841 3073 920 3146 naqa]
953 3075 1143 3143 πρυληπηκῶς
1168 3076 1242 3148 posi·

68 3145 206 3207 pronomine
227 3159 265 3200 ts.
303 3144 338 3200 ci.
346 3145 401 3200 Sat.
412 3143 434 3208 1,
445 3148 472 3213 2,
484 3147 527 3200 90.
545 3145 582 3214 11,
592 3147 618 3212 8,
668 3148 742 3200 tom:
761 3145 891 3215 prosiliet
908 3148 936 3198 et
953 3163 986 3200 va
1008 3144 1110 3210 abitur,
1138 3163 1168 3200 se
1193 3165 1241 3202 ex-

68 3213 179 3270 altrea.
196 3215 291 3286 Epist.
302 3215 323 3279 1,
337 3217 379 3278 14,
390 3218 479 3270 to-
490 3215 617 3288 prudens]
668 3217 774 3273 tendet.
796 3245 827 3259 «-
847 3215 978 3340 vindicte}
1024 3233 1039 3269 e
1058 3218 1167 3272 ratione
1185 3235 1242 3272 rna·

70 3279 165 3340 »Mulier
186 3292 264 3342 certe
282 3287 392 3342 cautior
415 3292 461 3342 eet
476 3303 509 3342 ac
525 3287 618 3344 minos
668 3306 706 3344 nu
727 3305 840 3347 servum
857 3284 957 3342 mitten
979 3285 1119 3342 iOrellius
1140 3287 1175 3342 ad
1186 3287 1212 3344 h.
1223 3289 1242 3345 1.

68 3353 159 3434 qtduis
175 3374 259 3428 quam
277 3358 511 3429 tu,-quiprsdm
529 3359 618 3430 iope
667 3357 739 3414 haec
769 3359 871 3413 habet:
912 3357 1113 3428 »Competebat
1146 3376 1241 3416 coram

70 3426 166 3482 nculum
183 3430 248 3494 ruis,
268 3446 381 3484 omnem
399 3433 547 3486 romtuem
556 3446 617 3486 cae·
668 3433 800 3499 praetore
818 3430 924 3486 urbano
936 3427 1064 3485 dominus
1077 3447 1139 3486 cum
1152 3448 1240 3498 servo,

69 3509 94 3546 tt
111 3501 262 3555 temeritate
286 3499 389 3554 ductos
413 3500 528 3556 domino
554 3501 573 3556 i.
592 3518 617 3554 e.
667 3501 830 3570 amicusque
849 3500 963 3570 domini,
982 3501 1241 3558 assertor-inliber-

69 3568 150 3624 mrito
165 3572 344 3628 oomnittiu
392 3571 458 3626 Noli
473 3589 538 3626 eom
555 3570 617 3627 aliis
666 3575 770 3641 tatem3
790 3570 1040 3628 dominusservum
1049 3572 1242 3644 vindictsirir·

69 3651 158 3694 terrun
181 3646 215 3696 65
242 3659 261 3698 a
285 3645 419 3711 sequente
449 3642 618 3698 detractum
666 3645 744 3714 gula)
760 3643 808 3700 vel
825 3643 933 3698 festuca
951 3641 1021 3698 dicis
1042 3659 1127 3698 causa
1144 3662 1242 3716 percu·

68 3721 118 3762 tun
130 3713 264 3782 superiori
279 3714 460 3784 coniungere,
486 3712 618 3772 Ceterum
667 3716 765 3780 tiebat,
785 3731 839 3784 quo
859 3730 937 3768 suam
956 3713 1059 3768 ineum
1071 3719 1242 3786 potestatem

70 3795 108 3857 pro
121 3797 236 3852 penus·
255 3806 372 3857 asperus
380 3783 530 3840 llorlrelius
548 3801 617 3840 aon·
667 3785 879 3842 manifestaret:
917 3790 978 3840 tum
1005 3790 1129 3842 usortor
1156 3787 1185 3843 in
1210 3787 1242 3842 li·

69 3851 119 3904 tacit
133 3853 306 3912 mitandum
323 3872 385 3911 esse
402 3869 555 3927 metatque
573 3878 619 3912 aa·
666 3857 806 3914 bertatem
825 3857 896 3911 hanc
912 3853 1061 3912 formulam
1079 3859 1242 3929 pronuntia·

69 3940 141 3988 m,
157 3927 283 3982 versibus
301 3929 523 3984 temeuddetdt
541 3927 617 3984 inter
667 3928 731 3987 bet:
751 3933 827 3984 dunc
845 3933 976 3987 tamtum
998 3931 1111 3984 literam
1123 3951 1180 3985 mc
1195 3935 1241 3986 oio

71 3997 247 4052 smannens
288 4001 428 4068 unctoque
466 3998 547 4054 osito.
566 4000 615 4055 Ce-
669 4020 704 4056 sc
729 4005 791 4055 iure
809 4003 965 4067 Quiritium.
1003 3998 1140 4055 Dominus
1163 3999 1242 4055 velut

70 4066 142 4118 teron
167 4084 229 4124 oum
281 4069 411 4125 irobnero
460 4070 559 4138 aulyos
587 4075 617 4126 et
667 4070 770 4128 cedens
788 4069 951 4126 edversario
964 4069 1043 4125 ficto:
1064 4075 1138 4126 Haec
1156 4075 1242 4126 tonsi·

71 4129 184 4192 finieras
208 4157 253 4196 vt.
272 4143 316 4196 83.
334 4143 377 4196 64.
396 4143 431 4196 65
458 4143 615 4212 eieoemnt3
666 4145 859 4198 uendiderunt
880 4163 938 4198 osas
955 4145 1017 4196 eodo
1035 4142 1078 4198 vel
1099 4143 1166 4196 liter
1184 4154 1241 4197 sato

71 4200 226 4266 Doederlinio
243 4227 303 4269 aon
321 4211 465 4282 displicuit
487 4212 616 4280 indicati,-
666 4225 748 4284 arque
765 4215 840 4270 stite
859 4233 910 4284 quo
921 4215 1008 4282 euleu
1033 4211 1098 4268 dein
1116 4213 1241 4266 eumcir·

70 4283 616 4361 mqmw,ersdit.-Eeastt]0missa
667 4284 834 4354 cumagebat
846 4286 966 4340 etmanu
985 4283 1145 4352 emittebat3
1165 4288 1242 4352 post·

70 4351 185 4412 whtols
200 4369 261 4408 cs·
275 4354 322 4408 vel
339 4360 381 4425 εἰς
409 4355 488 4412 vides
513 4357 616 4412 oratio·
666 4373 701 4410 ea
728 4360 844 4426 praetor
868 4352 995 4410 edicebat
1022 4375 1080 4410 esus
1106 4357 1238 4410 inmissus

73 4432 121 4474 tem
136 4423 174 4477 tio
185 4425 380 4501 pervosiorem
397 4425 487 4481 reddi.
518 4455 548 4468 ·-
576 4440 616 4482 to-
666 4429 1174 4494 liberamusantonomatisce-1
1207 4453 1240 4465 -

72 4491 120 4562 fio]
135 4494 300 4564 muisdme
340 4496 523 4567 cilicini,
543 4501 568 4564 1,
588 4500 615 4554 6.
666 4517 748 4570 saper
766 4495 859 4566 diens]
885 4497 929 4552 lta
948 4512 1000 4551 cur
1016 4511 1074 4552 non
1089 4495 1241 4568 coniunge·
1271 4520 1275 4531 ¹

73 4557 223 4632 &moene
252 4565 387 4626 adderem
412 4585 527 4626 necesse
555 4574 614 4624 est:
665 4585 728 4624 mus
745 4585 802 4624 non
819 4567 902 4624 rideo
921 4583 1011 4637 neque
1029 4571 1074 4623 est
1093 4583 1143 4623 our
1160 4569 1241 4624 dictis

73 4636 276 4700 ’quotiestatem
292 4642 321 4694 te
339 4639 488 4697 ostendis.‹
665 4639 792 4699 dativum
810 4657 870 4695 esse
890 4639 1023 4696 dicantus.
1051 4636 1149 4692 Latior
1165 4639 1239 4694 enim
