3125 5225
268 269 331 337 396
733 269 1004 341 sarmARUu

240 464 246 551 J
320 459 507 536 Garrulus
532 459 637 536 huno
660 460 816 559 quando
843 472 1039 537 eoniumet
1060 484 1231 561 ounquet
1257 459 1437 559 loquaces

320 579 360 657 si
383 582 506 681 sapiat
530 582 636 676 vitet,
661 584 778 659 simui
801 596 916 685 atque
941 585 1156 661 adoleverit
1181 597 1295 661 aetas.

269 737 295 777 α
319 706 485 782 Ventum
511 719 594 783 erat
618 706 669 782 ad
694 707 836 783 Vestae
863 696 998 807 quarta
1021 708 1099 785 iam
1123 722 1232 809 parte
1258 706 1336 784 diei

319 827 537 925 Praeterita,
565 842 603 906 et
626 854 716 905 oaeu
740 842 832 907 tuno
857 830 1092 930 respondere
1117 831 1258 909 vadato

318 953 512 1048 Debebat3
539 953 709 1053 quodni
736 953 897 1052 feoisuet
923 954 1088 1054 perdere
1112 954 1232 1033 litem.

319 1076 361 1153 Si
385 1102 448 1151 me
470 1101 585 1172 amaa,
612 1078 746 1177 inquit,
769 1077 930 1177 paulum
954 1078 1017 1153 hio
1043 1078 1147 1155 ades.
1195 1078 1390 1157 inteream
1414 1078 1447 1153 ei

319 1197 400 1276 Aut
423 1200 533 1281 valeo
558 1214 659 1279 stare
684 1214 751 1279 aut
775 1202 866 1279 novi
893 1203 1020 1279 civilia
1045 1204 1148 1301 iura3

269 1354 295 1395 α
318 1326 367 1399 Et
382 1350 548 1424 propero
564 1352 640 1425 quo
654 1327 742 1402 soie.
767 1327 916 1403 Dubius
940 1349 1023 1403 sum
1044 1327 1142 1428 quid
1161 1322 1313 1423 faciam,
1328 1327 1465 1427 inquit,

319 1448 424 1525 Tene
445 1450 660 1549 relinquam
679 1478 730 1527 an
750 1476 844 1529 rem.
871 1454 946 1549 Me,
961 1452 1085 1529 sodes.
1108 1452 1195 1527 Non
1210 1452 1364 1547 faeiem,
1389 1450 1465 1548 ille,

318 1574 366 1647 Et
389 1574 622 1672 praeoedere
644 1577 789 1674 coepit3
818 1602 902 1676 ego,
930 1590 973 1652 ut
990 1576 1221 1655 oontendere
1246 1576 1387 1651 durum
1412 1588 1467 1652 est

321 1698 418 1777 Cum
445 1700 599 1797 viatore,
626 1726 778 1801 sequor.
829 1704 1031 1781 Maecenas
1058 1701 1254 1803 quomodo
1276 1702 1429 1777 tecum?

320 1821 424 1897 Hine
437 1824 592 1921 repetit3
606 1824 1026 1922 paucorumhominum
1039 1824 1222 1901 etmentie
1233 1825 1465 1921 benesonae3

270 1980 296 2019 α
318 1947 440 2023 Nemo
468 1947 657 2023 dexterius
684 1948 840 2023 fortuna
865 1961 921 2025 eet
945 1975 1047 2023 usne.
1099 1948 1272 2024 Haberes

320 2074 506 2172 Magnum
532 2072 760 2167 adiutorem,
785 2084 914 2174 posset
938 2074 1006 2175 qui
1030 2075 1133 2150 ferro
1159 2073 1359 2169 secundas,

270 2260 412 2316 Zenonem
447 2256 573 2315 Stoioum
614 2260 689 2330 apud
726 2258 844 2359 Diogen.
894 2261 986 2317 aotive
1012 2276 1087 2316 nuno
1115 2258 1227 2332 patrive
1251 2258 1412 2329 aooipitur.«
1433 2286 1465 2299 -·

271 2332 364 2387 baert.
382 2330 442 2394 Vll,
461 2333 505 2395 28,
524 2328 677 2387 27:·»Ttr
691 2333 719 2385 δ’
735 2326 782 2386 oia
810 2326 845 2403 do
894 2335 1006 2405 perdere
1024 2330 1110 2402 iiten]
1144 2330 1345 2387 »contumacia
1372 2346 1466 2385 eorum

267 2400 378 2475 χειμὼν
400 2396 507 2491 κρυόεις
523 2396 579 2456 οὔτ’
597 2398 703 2474 ὄμβρος
724 2400 846 2471 ἀπείρων
895 2403 943 2473 qui
961 2402 1004 2457 iuu
1022 2402 1129 2458 dicenti
1146 2418 1202 2459 non
1221 2401 1418 2471 obtemperant
1436 2402 1465 2457 li·

272 2471 312 2531 οὐ
328 2470 400 2547 φλὸξ
416 2476 516 2543 neuun
531 2469 686 2547 δαμάζεται,
712 2471 745 2529 οὗ
763 2470 846 2535 νόσος
894 2474 931 2531 tia
948 2474 1050 2529 damno
1069 2476 1223 2529 aodroetur.
1252 2474 1410 2529 Contumax
1426 2478 1467 2529 eat

270 2542 356 2614 ulvis
895 2547 943 2616 qui
961 2545 1053 2601 tribua
1072 2545 1173 2600 ediotia
1189 2544 1343 2616 proponitis
1358 2542 1466 2601 veluno

306 2619 339 2674 V.
349 2621 393 2674 86.
418 2623 512 2673 Variae
535 2617 638 2674 Vestae
655 2619 792 2690 templum
809 2618 846 2672 ri·
895 2633 948 2688 pro
970 2617 1070 2682 tribur,
1098 2617 1174 2687 quod
1198 2617 1283 2688 vulgo
1309 2621 1465 2688 perempto·

271 2693 332 2744 tum
358 2695 421 2746 erat
445 2689 483 2744 ad
506 2618 609 2745 dorum
634 2689 710 2746 inter
734 2689 844 2760 Capito·
895 2691 967 2744 rium
996 2687 1163 2758 appellatur,
1200 2687 1311 2742 litteris.
1334 2693 1464 2744 evocatur

271 2760 339 2816 lium
355 2766 386 2817 et
402 2760 555 2830 Palatium
583 2759 659 2815 haud
681 2761 846 2832 proculab·
914 2759 1082 2815 merentium
1106 2753 1150 2814 eui
1173 2758 1267 2814 fauere
1284 2759 1463 2816 mutuant«

272 2837 335 2887 erat
363 2833 479 2887 Libonis
514 2832 621 2901 puteal,
657 2832 707 2888 ubi
740 2831 845 2888 iudioia
923 2830 1002 2902 ‘gart
1021 2829 1079 2895 LII,
1100 2834 1123 2898 1,
1143 2835 1187 2886 53.
1226 2833 1271 2887 tir
1289 2834 1385 2886 autem
1403 2831 1429 2886 h.
1447 2831 1464 2884 l.

271 2905 485 2960 exornabantur.
504 2932 537 2944 -
553 2915 651 2973 ααανια
671 2905 761 2974 purae]
788 2909 845 2960 ter·
894 2905 938 2958 eat
955 2919 1061 2958 summa
1076 2900 1235 2966 vadimonii,
1255 2917 1326 2971 quae
1344 2917 1414 2968 rem,
1432 2901 1466 2958 de

270 2975 312 3030 tia
328 2975 406 3033 hora
425 2975 496 3030 Vide
512 2973 550 3028 ud
570 2975 626 3030 Sat.
638 2975 660 3039 1,
671 2979 697 3042 5,
707 2977 750 3029 28.
768 2976 844 3030 Mar·
895 2991 951 3044 qua
971 2973 1130 3044 litigabant,
1148 2972 1406 3099 ⁸²ffi¹ifp⁸r⁸b³⁸·'
1426 2993 1464 3027 me

269 3046 330 3102 tini.
339 3045 429 3113 lue:
460 3045 571 3100 »Prima
589 3047 743 3101 salutantes
759 3051 844 3116 atque
895 3065 971 3102 amaa
997 3045 1178 3115 Solitupeten
1236 3043 1356 3110 ormula,
1369 3044 1399 3100 in
1413 3059 1466 3115 qua

270 3119 360 3172 altera
384 3118 506 3174 eontent
530 3117 606 3184 hora,
633 3117 756 3173 Exeroet
780 3135 844 3174 rau·
895 3118 920 3172 h.
952 3116 970 3172 t
995 3135 1036 3172 ne
1066 3116 1231 3173 vocabulum
1250 3118 1316 3170 ante
1342 3115 1465 3172 vooalem

270 3205 318 3244 oua
348 3189 437 3245 tertia
463 3187 627 3254 causidicos,
655 3188 688 3244 In
718 3189 843 3258 quintam
895 3203 975 3244 oorre
1010 3203 1123 3242 umnon
1136 3187 1323 3258 oolliqueaoit3
1345 3185 1461 3256 oiVirg.

270 3261 367 3316 varior
383 3259 511 3317 extendit
523 3259 613 3315 Roma
629 3260 845 3325 laborantium
894 3260 964 3314 Aen.
976 3205 1022 3326 dl,
1039 3261 1100 3315 507.
1134 3258 1230 3314 Bueol.
1249 3261 1275 3324 2,
1295 3259 1339 3314 65.
1359 3262 1385 3328 8,
1407 3257 1463 3312 108.

290 3332 349 3386 uiea
367 3331 474 3387 lauria«
493 3361 529 3372 -
547 3332 721 3403 respondere]
748 3334 785 3388 ad
803 3333 845 3386 iu·
895 3329 1183 3400 Ovid.Met.111,501.
1202 3357 1235 3368 -
1253 3329 1330 3401 udan]
1357 3331 1465 3385 Summe

293 3403 376 3457 ‘oium
396 3403 502 3468 adeeee,
521 3405 555 3456 ut
567 3401 646 3460 Varrt
657 3419 702 3473 ap.
713 3403 784 3458 Gell.
795 3403 843 3470 XI,
894 3407 939 3458 eet
948 3403 1111 3474 arrogantia
1120 3401 1238 3458 hominia
1251 3399 1374 3471 molesti,
1392 3397 1464 3472 quod

273 3476 336 3540 1,4:
372 3474 424 3530 »aa
443 3473 591 3529 Terentina
611 3475 722 3544 quando
741 3477 844 3531 uitetur
895 3473 1042 3528 Horatium
1059 3473 1134 3544 petit
1151 3474 1228 3530 utin
1251 3471 1357 3528 iudicio
1384 3471 1464 3530 advo·

270 3560 361 3614 neque
387 3545 540 3614 respondet
572 3561 663 3615 neque
696 3553 844 3602 excusatur
896 3547 975 3600 eatur
992 3543 1046 3600 ribi
1063 3543 1145 3600 adut.
1184 3543 1219 3602 oi.
1242 3541 1299 3598 (io.
1326 3543 1361 3599 de
1380 3541 1425 3598 oii.
1443 3541 1464 3604 1,

271 3621 323 3680 eat,
351 3633 405 3688 ego
433 3617 459 3673 ei
488 3633 573 3671 unam
602 3634 682 3673 ovem
710 3618 843 3674 muletam
898 3619 938 3672 10.
961 3615 1120 3672 Advooutoe
1139 3615 1198 3671 noli
1215 3613 1387 3670 eoniundere
1404 3629 1463 3669 oum

270 3686 360 3742 dion«
384 3716 417 3728 -
432 3687 543 3759 ααόαια]
561 3688 598 3751 ei,
614 3689 664 3758 qui
680 3706 744 3744 eum
762 3689 845 3744 vada·
894 3688 1031 3758 patronis.
1050 3717 1084 3728 —
1102 3686 1188 3758 itura]
1203 3687 1235 3742 in
1251 3685 1371 3757 iudioio;
1392 3685 1463 3742 idem

271 3762 317 3814 tua
337 3762 408 3814 erut.
434 3757 475 3815 Gi.
493 3758 671 3824 Liv.111,le:
691 3764 751 3816 »tot
768 3761 845 3815 vadi·
895 3761 940 3814 eat
959 3759 1033 3828 quod
1051 3757 1150 3814 ederae
1167 3763 1197 3814 et
1221 3761 1322 3814 autera
1342 3787 1376 3802 ·-
1395 3761 1463 3814 Ιαα-

271 3829 601 3886 buraoouaatorradatua
614 3836 774 3887 ostreum«
788 3831 843 3888 Cio.
895 3829 986 3898 renas]
1013 3831 1088 3884 Haeo
1113 3831 1201 3884 verba
1217 3845 1304 3900 usque
1321 3829 1359 3884 ed
1378 3847 1462 3886 onear

273 3901 367 3970 Quint.
380 3905 429 3958 19:
461 3901 586 3958 »Debere
603 3903 657 3958 tibi
674 3903 744 3958 dicia
760 3902 844 3970 Quin·
895 3919 921 3956 v.
934 3903 971 3955 48
989 3901 1082 3956 omnia
1099 3899 1262 3970 importuno
1279 3899 1385 3956 homini
1409 3901 1463 3954 tra-

245 4005 251 4012 ·
271 3971 351 4037 tium,
369 3979 537 4043 procurator
554 3979 653 4044 negat:
677 3977 774 4030 ααᾰανι·
794 3974 846 4040 vie,
896 3971 987 4027 denda
1004 3979 1077 4026 eunt
1113 3972 1199 4026 Cuius
1217 3970 1329 4042 quidem
1347 3969 1462 4026 hominia

290 4045 429 4101 remittit:
445 4045 475 4099 in
485 4045 529 4100 iua
540 4048 632 4107 uocat,
647 4045 785 4116 nequitur:
804 4045 846 4099 iu·
895 4048 997 4098 natura
1015 4041 1128 4114 egregie
1149 4042 1196 4098 hio
1213 4041 1349 4113 proditur.
1374 4041 1419 4096 Ad
1433 4038 1463 4094 id

271 4062 376 4171 dietum
393 4116 531 4186 portulae,
548 4133 605 4170 non
619 4121 755 4172 recurat«
777 4115 844 4182 Alii,
896 4113 971 4184 quod
987 4115 1048 4184 ipae
1065 4113 1251 4186 interrogavit
1268 4113 1336 4184 qnid
1352 4129 1462 4184 reapon-

271 4201 336 4242 onm
353 4188 472 4243 verbum
488 4191 650 4258 respondere
672 4188 702 4242 in
718 4188 772 4244 huo
788 4189 845 4244 for·
896 4203 975 4240 aurun
1002 4185 1040 4240 uit
1065 4185 1199 4241 Horatiue
1226 4201 1282 4240 non
1312 4185 1460 4255 eruperint.

270 4257 348 4313 mula
371 4259 499 4314 absolute
527 4258 595 4328 poni
621 4259 717 4326 uolent,
745 4261 844 4316 reduto
896 4257 945 4312 red
962 4257 1126 4313 eontiuuata
1142 4257 1239 4312 atatim
1256 4253 1462 4312 orationeme-

270 4347 324 4400 pro
343 4329 468 4386 ablativo
485 4330 615 4386 absoluto
640 4329 789 4399 habebant,
812 4333 846 4386 ut
896 4332 1022 4384 oenatem
1053 4328 1142 4396 laude,
1173 4345 1228 4400 qua
1255 4343 1318 4382 eum
1347 4325 1462 4388 extollit.

273 4405 350 4458 erret
367 4412 507 4473 postquam
525 4403 650 4457 eadum
670 4415 718 4469 ert,
736 4406 769 4456 ut
786 4401 844 4460 snt
894 4399 1042 4456 Horatium
1060 4417 1118 4472 epe,
1137 4417 1217 4470 quam
1236 4399 1263 4454 ei
1275 4398 1397 4454 exaitare
1407 4399 1461 4451 atu·

271 4472 392 4540 1,1‚94
417 4483 514 4544 parm
548 4471 691 4528 Bentleiue
718 4489 753 4528 ex
778 4489 845 4528 oon·
895 4472 952 4540 det
972 4471 1053 4526 simul
1071 4470 1197 4528 offendit.
1218 4467 1375 4541 Utrumque
1390 4467 1461 4524 euim

270 4544 380 4599 ieotura
395 4546 523 4599 wdone:
551 4543 674 4615 »quippo
690 4547 784 4610 οαὸαα,
801 4545 844 4600 in·
894 4559 923 4598 ee
951 4543 1095 4599 meliorem
1119 4559 1177 4600 nou
1203 4541 1289 4598 duait.
1315 4571 1348 4582 -
1365 4559 1460 4622 peuce·
1557 4543 1558 4577 ἐ

271 4614 342 4683 quit,
365 4614 483 4670 verbum
497 4631 645 4672 eommune
661 4618 707 4671 eat
724 4620 754 4673 et
768 4633 844 4674 nunu
893 4633 953 4670 rara
970 4613 1116 4686 tantm]
1145 4614 1205 4672 ie
1230 4613 1326 4684 imit
1352 4609 1459 4682 (dudm
