3125 5225
257 271 321 335 442
717 275 991 355 SATIRARUM

308 460 552 559 Pythagoran
577 459 774 562 Anytique
799 488 906 539 reum
933 463 1167 564 doctumque
1192 463 1364 540 Platona.

307 586 506 661 Peccatum
535 587 671 684 fateor,
697 614 786 665 cum
811 600 850 665 te
874 589 928 664 aio
953 600 1128 687 tempore
1151 588 1262 667 laevo

162 798 166 803 p
276 708 608 809 alntcrpellarim3
634 712 704 789 ced
730 712 797 789 dea
823 714 977 791 veniam
1003 713 1127 790 bouus
1152 740 1233 791 oro.

308 830 455 924 Quodsi
480 834 715 911 interciderit
736 836 809 911 tibi
833 862 936 913 nuuc
962 837 1121 937 aliquid,
1148 850 1298 936 repetes
1325 866 1426 933 mox,

308 956 398 1033 Sive
423 971 480 1034 cat
504 973 662 1035 naturae
684 960 759 1035 hcc
784 961 865 1037 eive
886 961 988 1058 artie,
1016 963 1135 1037 minue
1160 975 1337 1062 utroque.

309 1081 413 1174 Quin
438 1083 481 1159 id
505 1096 586 1161 eret
612 1110 737 1180 curae,
765 1111 842 1185 quo
868 1100 979 1185 pacto
1005 1099 1141 1163 cuncta
1161 1099 1344 1182 tenerem,

306 1205 447 1306 Utpote
472 1234 532 1285 res
556 1221 688 1287 tenues
717 1210 822 1287 tenui
848 1236 1026 1287 sermone
1049 1222 1236 1310 peractas.

259 1364 283 1403 ιο
306 1332 391 1408 Ede
412 1333 576 1409 hominia
603 1360 756 1430 nomen,
779 1335 894 1411 simul
920 1348 958 1412 et
982 1338 1174 1411 &manus
1201 1362 1251 1413 an
1277 1334 1428 1435 hcapea.

308 1458 399 1556 Ipsa
424 1482 572 1537 memor
594 1474 800 1561 praccepta
825 1486 972 1555 canem,
1000 1461 1187 1538 celabitur
1211 1472 1353 1537 auctor.
1411 1560 1412 1563 Ἴ

308 1582 446 1683 Longa
470 1586 609 1683 quibua
629 1586 747 1661 facies
772 1587 855 1661 ovis
880 1587 964 1683 erit,
991 1584 1058 1664 ilia
1080 1598 1286 1682 memento,

307 1709 357 1785 Ut
382 1708 462 1784 auci
487 1709 654 1784 melioris
681 1723 720 1786 et
743 1722 785 1785 ut
810 1710 931 1808 magia
957 1709 1046 1787 alba
1072 1708 1259 1804 rotundis,

307 1821 475 1908 Ponere:
505 1860 672 1935 namque
697 1860 841 1910 marem
867 1834 1047 1911 cohibent
1068 1834 1212 1911 callosa
1236 1834 1425 1911 vitellum.

260 1988 283 2027 a
310 1959 431 2036 Catrle
456 1961 676 2036 suburbano
703 1961 771 2059 qui
797 1958 905 2035 siccis
929 1962 1050 2036 creuit
1075 1961 1115 2035 in
1141 1960 1243 2059 agria

308 2082 486 2179 Dulcior3
512 2084 660 2183 irriguo
688 2082 787 2159 nihil
814 2094 871 2159 eat
897 2082 1036 2171 elutius
1061 2082 1184 2161 horto.

308 2208 350 2286 si
374 2210 613 2306 vespertinus
639 2209 765 2285 subito
792 2222 831 2285 te
857 2208 1089 2307 oppresserit
1113 2208 1263 2308 hospes,

259 2405 454 2477 prohibiturus
471 2406 620 2463 eetCatiua
637 2424 673 2462 nc
691 2406 760 2477 quid
776 2407 831 2462 eibi
882 2405 1007 2463 aubtilea.
1054 2405 1221 2477 Metaphcra
1248 2404 1322 2461 unde
1346 2407 1481 2477 aumpta'

257 2476 379 2533 excidat.
409 2506 444 2519 -
477 2477 599 2549 mamam]
622 2477 669 2534 Sic
693 2479 776 2533 multi
803 2482 834 2533 ct
882 2478 928 2545 ait,
948 2476 1097 2547 intelleget
1118 2493 1153 2533 ex
1170 2478 1260 2549 Epiri.
1268 2476 1304 2546 11,
1319 2480 1453 2543 lant.-

258 2548 368 2619 antiqni
395 2548 519 2619 codicem
555 2552 648 2616 recte,
674 2568 740 2605 cam
762 2550 833 2605 nibil
882 2549 1020 2624 peractus]
1048 2548 1324 2618 attremant.
1353 2580 1388 2592 -
1412 2550 1460 2604 ea-

260 2621 368 2677 certina
384 2622 423 2676 eit
437 2621 526 2677 Catio.
572 2622 755 2678 Coniunctivc
775 2628 832 2678 eta.-
882 2621 955 2692 aaa]
974 2627 1106 2692 tanquam
1125 2625 1213 2678 ratae
1236 2651 1272 2662 -
1297 2621 1366 2693 cete]
1386 2619 1461 2677 Inci-

232 2705 331 2756 um,
357 2710 441 2763 quem
458 2711 492 2748 ex
510 2693 607 2763 paucio
624 2693 771 2750 metatu
790 2711 832 2750 rc·
882 2694 926 2764 pit
952 2694 988 2748 ab
1011 2693 1072 2749 ovis
1093 2693 1112 2746 i.
1131 2711 1155 2750 e.
1180 2695 1218 2750 ab
1242 2691 1325 2748 initio
1352 2709 1462 2750 coenae

258 2767 403 2836 ceperunt,
428 2765 559 2835 equidem
583 2763 709 2821 futurum
728 2772 832 2821 atacem
882 2765 950 2837 (Sat.
968 2764 990 2833 1,
1009 2768 1035 2833 3,
1052 2767 1080 2833 6)
1110 2768 1141 2818 et
1158 2764 1366 2835 simpliciaeimo
1381 2763 1460 2830 cibo,

260 2852 296 2891 ex
321 2836 517 2906 antiquiaaimo
544 2837 647 2892 Codice
663 2837 780 2907 Cruqnii
805 2839 833 2893 et
882 2837 962 2893 cuiue
971 2836 1028 2892 tria
1037 2851 1149 2906 genera,
1159 2835 1459 2906 cramaliagallina,

259 2925 316 2962 nno
328 2907 478 2963 Pnlmunni
494 2910 675 2978 praeferrem.
694 2909 750 2964 Prc
768 2925 833 2964 con·
882 2909 1008 2984 breuiter
1033 2911 1193 2964 tractantur
1211 2908 1250 2978 (v.
1269 2909 1394 2979 tlt-ac).
1422 2937 1460 2948 -

259 2979 385 3035 iunctivo
396 2997 455 3034 non
465 2982 533 3035 licet
542 2980 729 3050 citareEpiat.
738 2981 759 3048 1,
768 2983 796 3049 4,
806 2983 832 3045 8,
884 2980 951 3049 oete]
970 2978 1093 3036 Plinii.
1112 2979 1266 3043 Mna:
1297 2977 1391 3047 »Quae
1406 2978 1460 3034 cb·

260 3051 310 3122 qui
328 3052 460 3108 tecue-ab
477 3052 530 3108 boc
547 3051 726 3107 nemoralia
741 3051 833 3106 diver·
883 3052 967 3120 longa
994 3053 1062 3108 aunt
1095 3067 1148 3106 cra
1181 3049 1315 3122 gratimb
1347 3049 1462 3136 aupcria

234 3138 308 3193 *ent
326 3126 379 3178 cet.
397 3153 432 3166 -
451 3127 586 3194 Anytique
605 3121 692 3195 reum]
712 3124 747 3177 ci.
761 3122 833 3178 Ptat
883 3126 966 3193 putat
985 3121 1119 3177 Horatius
1139 3123 1264 3178 Flaccus.
1311 3120 1462 3178 chtnam

261 3196 344 3264 Apol.
369 3193 446 3251 Scor.
470 3213 499 3264 p.
519 3198 562 3249 23.
581 3195 615 3249 Ε.
652 3225 683 3234 -
715 3207 832 3266 tempore
883 3194 1055 3264 eduntquae
1064 3193 1230 3250 rotundiora
1261 3194 1463 3268 'gnnntuare-

260 3265 647 3335 ram180t.11,1‚1e.-
675 3265 832 3335 eiecerat]
884 3265 960 3335 liqna
977 3281 1106 3321 marem·
1128 3263 1243 3321 Colume
1289 3263 1461 3330 vm‚t‚11:

262 3337 385 3408 »optima
402 3355 432 3393 ee
450 3339 585 3393 memoria
602 3341 632 3392 et
656 3336 779 3392 naturali
804 3341 834 3392 et
886 3349 964 3391 »cum
976 3337 1038 3408 quia
1052 3337 1128 3392 velet
1143 3353 1227 3406 quam
1247 3336 1383 3407 plurimae
1400 3353 1462 3392 ma-

260 3408 428 3464 artificiali.‹
449 3409 644 3490 Commoruq.
663 3411 760 3463 Artem
777 3423 833 3462 me·
883 3425 929 3463 rea
947 3407 1066 3472 excludi,
1095 3408 1260 3480 longissima
1283 3423 1409 3478 quaeque
1427 3413 1463 3464 et

259 3481 375 3546 moriae,
401 3484 434 3534 ut
455 3479 772 3548 dioitQuintrl.X1‚2,
793 3483 833 3543 11,
881 3477 1043 3534 acutiaaima
1065 3495 1119 3534 cua
1136 3479 1275 3543 subiiciet,
1301 3483 1332 3533 et
1359 3495 1462 3534 nuraua

259 3551 367 3623 primun
385 3551 542 3608 cotendiaae
556 3550 833 3607 dicitnrflimonidea.
884 3568 949 3606 curn
971 3550 1097 3614 feminae,
1144 3567 1207 3606 nam
1230 3550 1459 3606 murana..

260 3623 314 3690 Qui
333 3629 395 3678 arte
413 3623 578 3679 memoriam
601 3623 770 3678 studuerunt
787 3622 835 3676 ad-
884 3623 1059 3678 Gontrarium
1146 3623 1166 3675 't
1183 3621 1301 3677 Arirtct.
1316 3621 1394 3678 EA.
1409 3621 1459 3688 VI,

260 3695 365 3761 iurare,
385 3710 419 3748 ea
439 3693 834 3764 quaeeaeenttenendafictia
884 3697 910 3756 6,
930 3697 961 3748 2:
987 3688 1075 3748 »Ἔστι
1097 3693 1132 3748 δὲ
1156 3691 1190 3749 τὰ
1214 3691 1387 3766 prinpum&
1411 3699 1464 3748 ant

140 3818 144 3825 ,
259 3763 331 3820 locis
349 3771 379 3820 et
394 3765 562 3836 imaginibus
571 3765 707 3834 fixerunt3
726 3765 762 3819 de
775 3764 836 3834 qui·
885 3759 1221 3835 circumplectimur,
1248 3762 1391 3820 τὰδὲω

261 3838 314 3893 bue
342 3837 458 3904 contii.
477 3837 583 3902 ΧΗ,
603 3840 654 3892 21:
682 3836 774 3906 »Opuc
793 3839 837 3891 ert
883 3831 953 3908 yriic
971 3840 1018 3889 xci
1034 3837 1245 3909 περιφέρειανέ
1311 3855 1411 3890 aaut
1426 3835 1460 3892 rb

260 3925 329 3980 ergo
361 3909 430 3964 locia
455 3925 527 3978 qnae
556 3909 603 3963 vel
628 3908 775 3978 finguntur
790 3905 836 3962 vel
884 3905 931 3968 ὀξὺ
947 3901 1203 3980 incanam-otta]
1249 3924 1286 3962 on
1303 3911 1348 3964 ert
1363 3923 1462 3964 necea·

261 3985 420 4045 emuntur,
441 3979 665 4051 imaginibuaual
676 3979 834 4034 simulacris
885 3978 959 4034 caria
975 3980 1138 4034 coniectura
1150 3979 1272 4036 Bentleii
1282 3983 1364 4044 atne,
1374 3995 1461 4050 quam

260 4069 333 4123 qnae
354 4052 451 4121 ntique
469 4051 600 4122 lingenda
617 4054 690 4106 aunt.
733 4050 834 4120 Imagi-
883 4050 988 4106 iniuria
1005 4051 1162 4121 probarunt
1178 4049 1333 4115 Heindorf..
1344 4051 1463 4122 Haupt,

260 4139 311 4179 nea
337 4126 422 4179 notae
451 4127 536 4188 eunt,
572 4123 674 4193 quibua
701 4139 735 4177 ee
761 4137 834 4192 quae
884 4121 1006 4178 Meinek.
1024 4123 1085 4179 Ova
1101 4123 1176 4178 enim
1194 4126 1276 4178 cocta
1293 4125 1324 4176 et
1340 4121 1412 4178 dura
1430 4124 1461 4177 in

261 4195 411 4250 adiacentia
419 4200 487 4250 eunt
496 4199 634 4259 notamus,
643 4199 684 4258 nt,
695 4194 834 4264 quomodo
885 4199 980 4264 parter
1007 4194 1129 4250 (immota
1155 4193 1185 4250 in
1212 4209 1308 4248 menan
1336 4209 1462 4264 apporte-

261 4267 360 4322 Oicero
385 4265 463 4333 dicit,
490 4265 560 4322 tocie
581 4283 637 4336 pro
652 4281 726 4331 cera,
751 4265 835 4321 aimu-
884 4267 996 4322 bantur.
1038 4265 1160 4320 Martini.
1180 4265 1219 4331 Χ,
1236 4267 1288 4328 48,
1306 4268 1338 4322 10
1360 4270 1462 4321 »saera

261 4339 344 4394 locria
370 4354 423 4408 pro
443 4337 545 4392 litteris
566 4343 706 4392 maman«
751 4337 836 4392 Ponit
884 4337 1060 4392 coronabunt
1077 4341 1247 4394 rutatoam
1264 4335 1404 4392 lacertae«
1426 4335 1463 4406 V,

260 4408 351 4481 igitur
358 4409 493 4468 Horatius
502 4408 611 4463 Catium
629 4408 737 4478 ringula
756 4423 835 4476 prae·
885 4411 929 4476 79,
946 4411 963 4462 5
989 4411 1101 4463 »ainata
1123 4408 1234 4478 cybium
1257 4407 1358 4464 latebit
1376 4413 1459 4464 enirm

261 4486 344 4550 cepta
362 4482 449 4535 certia
467 4481 522 4535 iam
540 4481 610 4534 locia
622 4484 653 4534 et
666 4479 835 4550 imaginibua
886 4509 917 4520 -
937 4479 1046 4563 petere]
1065 4479 1123 4535 eut.
1131 4479 1203 4545 mu,
1223 4481 1267 4534 28.
1284 4507 1320 4520 -
1340 4480 1462 4550 mian]

261 4551 319 4608 fixe
331 4555 440 4620 tenere3
467 4552 543 4621 quod
571 4550 685 4620 quidem
706 4569 725 4605 a
747 4567 780 4604 ae
794 4550 835 4606 ta-
883 4549 1026 4606 Indtcatnr
1042 4554 1177 4622 putamen
1195 4549 1250 4615 cui,
1268 4550 1374 4606 ouum·
1390 4565 1460 4622 para

260 4627 340 4679 ctum
356 4623 399 4678 ait
415 4622 512 4678 Getica
528 4639 612 4680 varan
630 4626 657 4680 8.
676 4651 710 4663 -·
728 4619 835 4691 mer]
883 4621 938 4678 cvi.
958 4651 989 4664 -·
1010 4622 1124 4693 Mur]
1140 4621 1298 4694 tunitius.
1341 4621 1462 4678 Oenian-
