3125 5225
290 308 351 374 356
749 300 1022 371 SATIRARUM

287 525 314 563 n
339 491 523 593 Appellat
548 502 704 589 paetum
729 502 848 588 pater,
873 502 911 565 et
936 488 1098 586 pullum,
1126 488 1227 565 male
1252 514 1387 587 parvus

339 616 380 692 si
407 617 467 690 cui
491 615 594 692 filius
620 627 685 709 est,
712 598 763 689 ut*
780 614 996 691 arbortivus
1022 615 1096 689 fuit
1121 614 1215 691 olim

338 740 543 840 Sisyphum
570 740 673 815 hunc
699 767 835 815 varum
863 739 1031 815 distortis
1055 740 1241 839 cruribus,
1266 742 1372 817 illum

339 866 509 941 Balbutit
534 891 712 941 scaurum
736 865 867 962 pravis
893 864 1033 941 fultum
1058 866 1159 943 mue
1184 864 1281 943 talis.

338 992 494 1067 Parcius
514 991 579 1066 hic
604 992 720 1067 vivit:
748 991 852 1089 frugi
880 990 1040 1087 dicatur.
1092 990 1250 1089 Ineptus

290 1147 316 1186 n
336 1116 386 1190 lit
408 1116 608 1191 iactantior
629 1115 692 1191 hic
717 1115 833 1214 paulo
861 1130 938 1191 est:
966 1116 1172 1191 concinnus
1197 1116 1331 1192 amicis

266 1281 276 1298 x
339 1241 511 1318 Postulat
534 1253 577 1315 ut
600 1239 785 1317 videatur.
832 1238 885 1315 At
911 1254 968 1315 est
992 1240 1246 1315 truculentior
1270 1251 1385 1340 atque

339 1366 429 1460 Plus
454 1391 578 1465 aequo
604 1364 724 1442 liber:
750 1365 914 1463 simplex
941 1364 1129 1464 fortisque
1151 1365 1348 1440 habeatur.

340 1489 501 1571 Caldior
526 1501 602 1565 est:
628 1515 734 1565 acres
756 1491 857 1566 inter
885 1502 1116 1565 numeretur.
1166 1487 1329 1588 Opinon

340 1614 449 1691 Haec
471 1640 534 1691 res
559 1626 598 1691 et
621 1614 755 1713 iungit,
781 1614 930 1689 iunctos
958 1627 996 1689 et
1023 1628 1150 1689 servat
1175 1615 1330 1689 amicos.

289 1772 314 1813 ss
339 1738 394 1814 At
418 1764 489 1814 nos
511 1738 668 1814 vistrum
692 1740 794 1837 ipsas
820 1739 1045 1813 invertimus
1073 1752 1187 1837 atquc

340 1864 539 1943 Sincerum
565 1862 740 1960 cupimus
766 1870 832 1938 vas
858 1862 1081 1939 incrustare.
1126 1863 1274 1939 Probus
1304 1862 1389 1963 quis

339 1989 549 2066 Nobiscum
575 1986 682 2082 vivit,
708 1984 872 2060 multum
897 1984 1081 2060 demissus
1110 1985 1224 2060 homo
1249 1984 1339 2063 ille:

340 2113 469 2191 Tarde
494 2134 718 2210 cognomen,
744 2110 881 2208 pingui
907 2108 1052 2185 damus.
1102 2108 1178 2185 Hic
1204 2109 1307 2208 fugit
1331 2134 1458 2187 omncs
1542 2150 1543 2189 ς

339 2236 504 2313 Insidias
530 2236 704 2335 nullique
731 2236 833 2311 malo
860 2234 960 2310 latus
988 2235 1096 2311 obdit
1118 2248 1305 2335 apertum,

290 2358 375 2428 cruq.
391 2356 435 2411 De
452 2360 585 2428 compta
604 2356 710 2425 syllaba
727 2360 794 2413 ante
813 2369 863 2413 atr.
914 2354 936 2422 1.
960 2358 1001 2425 16,
1019 2358 1063 2413 78,
1087 2356 1483 2427 11,n,1v;uniq110venum
1542 2402 1543 2415 ,

292 2430 356 2485 vide
373 2429 410 2483 ad
426 2427 512 2495 Sati,
520 2434 547 2494 2,
555 2432 770 2500 ton—palium]
792 2429 864 2483 »Αιι-
914 2428 1028 2493 claudit,
1053 2428 1186 2485 nimirum
1211 2445 1245 2485 ec
1262 2427 1384 2485 consssio
1401 2430 1433 2481 ιιι
1447 2426 1485 2481 in·
1542 2436 1543 2465 ³

291 2500 365 2570 tiqui
373 2516 500 2569 puerum,
510 2518 593 2570 quem
601 2498 664 2569 quis
674 2500 794 2565 amabat,
803 2500 864 2571 pul-
915 2499 990 2570 signi
1015 2500 1078 2554 loco
1105 2499 1214 2556 monica
1238 2500 1301 2555 eius
1334 2498 1415 2555 verbi
1447 2496 1484 2551 vis
1542 2516 1543 2557 ι

290 2572 349 2627 lum
364 2572 425 2628 eius
437 2571 593 2628 dicebant«
604 2570 714 2628 Festus.
732 2571 865 2628 Ceterum
915 2576 1060 2643 augeatur.
1076 2600 1111 2614 -
1126 2572 1294 2644 incrustare]
1316 2570 1412 2628 »Adeo
1428 2584 1486 2641 per·
1542 2588 1543 2652 p

291 2644 360 2700 baec
376 2644 498 2710 nomina,
518 2645 619 2713 quibus
632 2643 864 2713 patrcsfiliorum
914 2643 990 2698 versi
1009 2661 1113 2710 sumus,
1139 2645 1172 2698 ut
1191 2647 1220 2699 et
1237 2661 1343 2714 purum
1356 2660 1410 2700 vas
1429 2656 1487 2696 cor·
1542 2653 1543 2714 g

291 2715 362 2772 vitia
378 2713 423 2770 vel
442 2715 597 2785 pravitates
622 2715 716 2770 celare
740 2715 865 2781 student,
914 2721 999 2785 rupto
1018 2717 1112 2784 alique
1130 2715 1239 2785 liquore
1264 2715 1384 2786 eiusque
1410 2710 1488 2768 fseei-
1542 2755 1543 2802 p

291 2785 866 2857 omniasuntccgnominaltomanarumfs-
915 2786 967 2841 bus
985 2787 1126 2842 obducere
1145 2787 1315 2856 cupiamus«
1364 2784 1485 2840 Orellins.
1542 2813 1543 2846 3

289 2859 439 2921 miliarum,
447 2858 477 2912 in
485 2857 586 2928 quibus
597 2857 772 2925 erantPasti‚
784 2857 864 2922 Pulli,
914 2855 1047 2914 Homines
1072 2857 1162 2927 igitur
1189 2857 1310 2914 aliorum
1326 2871 1420 2914 meres
1436 2870 1487 2909 non
1542 2847 1543 2878 ι

156 2934 160 2939 ’
214 2964 217 2968 -
291 2929 367 2996 Vari,
387 2927 550 2997 Straboncs,
568 2927 865 3000 Sasuri—Sisyphus]
915 2929 985 2982 tales
1012 2928 1137 2985 iudicare
1164 2930 1262 2996 solent,
1292 2930 1393 3000 quales
1419 2930 1488 2992 sunt,

289 3001 331 3075 M.
350 3000 469 3057 Antonii
486 3000 628 3054 triumviri
646 2999 761 3070 pumilio
780 2997 866 3054 irrisae
916 2999 1011 3054 sedin
1029 2999 1188 3070 praviorem
1205 3000 1330 3070 speeiem
1348 3017 1366 3056 s
1384 3015 1414 3054 se
1436 3013 1488 3052 ms·
1542 3015 1543 3054 ;

293 3072 407 3138 dicitur,
427 3071 464 3128 ob
482 3071 667 3127 calliditatem
684 3070 737 3126 hoc
754 3071 866 3126 nomine
915 3070 991 3141 ligne
1009 3087 1171 3141 conversos;
1197 3071 1277 3127 cuius
1303 3073 1361 3128 ism
1384 3070 1426 3126 rei
1443 3083 1486 3124 ex·
1542 3079 1543 3094 ³

291 3147 416 3200 ornatus.
443 3172 477 3184 -
504 3143 629 3214 battuta]
656 3141 778 3198 infantes
807 3143 867 3198 imi-
916 3158 961 3197 sm
981 3143 1010 3198 ls
1027 3143 1178 3198 adduntur.
1299 3141 1307 3147 ’

292 3219 364 3270 tans.
391 3215 481 3270 Varus
503 3217 545 3269 est
563 3213 642 3268 cuius
660 3213 746 3284 pedes
764 3214 866 3268 intrcr·
977 3217 1042 3269 ‚ti
1074 3213 1134 3284 tlte]
1168 3212 1292 3268 Restitui
1324 3211 1489 3290 scripturam
1542 3219 1543 3278 ζ

294 3303 355 3341 sum
373 3286 475 3341 retorti
494 3291 568 3353 sunt,
596 3301 710 3340 scaurus
728 3285 777 3354 qui
794 3287 867 3340 talos
916 3285 1129 3340 codicisBland.
1156 3284 1279 3342 omnium
1297 3281 1488 3343 vetustissimi,
1542 3315 1543 3318 =

293 3356 380 3412 habet
397 3361 540 3412 exstantes
558 3355 605 3412 rel
615 3357 741 3412 inversos
760 3359 790 3410 et
807 3361 867 3411 tor·
916 3373 1006 3426 neque
1036 3355 1133 3412 addidi
1157 3353 1233 3426 quod
1256 3359 1359 3412 contra
1384 3351 1490 3410 ccdloefl

293 3431 391 3484 tunsos
405 3428 599 3500 (Klumpluss).
619 3457 651 3466 -
670 3427 789 3498 ineptus]
810 3427 866 3483 Cic.
917 3427 1043 3483 Bentleio
1066 3427 1175 3499 placuit
1200 3432 1279 3481 tarto
1299 3447 1333 3482 uc
1350 3423 1397 3482 vel
1421 3423 1490 3478 Han·
1542 3447 1543 3490 3

294 3498 329 3554 de
348 3499 426 3555 Orat
444 3499 480 3561 Il,
498 3501 524 3562 4,
546 3501 594 3553 li:
636 3498 704 3566 »Qui
729 3501 778 3553 aut
796 3502 867 3554 tem·
916 3499 976 3569 ptio
1005 3507 1084 3554 aaran
1111 3512 1151 3568 223
1181 3497 1321 3554 sententia
1352 3497 1428 3554 enim
1454 3493 1493 3549 sic
1542 3537 1543 3544 ι

292 3587 345 3640 pus
373 3570 442 3639 qnid
468 3569 593 3640 postulet
618 3587 675 3625 non
698 3569 787 3636 videt,
818 3575 867 3626 aut
916 3569 1224 3642 optimeproceditpcr
1238 3567 1405 3639 asyndeton,
1423 3581 1493 3647 quae

292 3641 375 3712 plura
393 3641 528 3710 loquitur,
552 3644 602 3695 aut
618 3659 649 3696 se
667 3643 800 3706 ostentet,
819 3645 868 3697 ιιιιι
915 3642 1018 3696 additis
1037 3641 1185 3712 particulis
1201 3641 1270 3696 haec
1288 3646 1348 3698 est:
1381 3641 1405 3694 si
1433 3653 1492 3707 quis

294 3729 392 3768 sorum
408 3713 574 3781 quibuscum
590 3716 635 3768 est
653 3711 696 3768 vel
719 3711 866 3784 dignitatis
915 3713 1021 3783 probus
1040 3711 1181 3783 (simplex)
1199 3711 1348 3768 nobiscnm
1365 3709 1445 3774 vivit,
1471 3707 1494 3764 si

291 3783 336 3840 vel
364 3784 502 3839 commodi
526 3784 664 3839 rationem
690 3801 747 3838 non
772 3783 865 3851 habet,
915 3785 963 3840 ille
981 3789 1024 3840 est
1041 3785 1160 3839 multum
1174 3783 1313 3838 demissus
1328 3782 1493 3853 (modestus)

290 3858 342 3909 aut
367 3853 487 3924 denique
509 3855 540 3910 in
564 3855 658 3979 clipeo
687 3871 790 3925 genere
817 3861 867 3911 aut
915 3855 1007 3925 homo,
1034 3856 1116 3910 tardo
1142 3855 1176 3920 ei,
1208 3855 1309 3925 pingui
1337 3867 1493 3925 cognomen
1542 3885 1543 3890 κ

292 3927 476 3982 inconcinnus
493 3931 544 3980 aut
561 3932 667 3981 mutus
692 3932 743 3992 est,
773 3927 797 3980 is
824 3927 865 3982 in·
915 3927 989 3982 illico
1007 3927 1113 3982 murus.
1149 3926 1187 3982 Ut
1203 3927 1336 3995 protasis,
1369 3926 1414 3980 its
1431 3937 1494 3992 apo

293 4001 374 4069 aptus
402 3997 532 4055 dicitnr.‹
564 4029 595 4040 -
623 3997 779 4069 comissas]
821 3997 866 4054 »Si
915 3999 991 4054 dosis
1009 3997 1147 4068 bipartita
1162 4001 1222 4066 sst3
1243 3997 1373 4054 neutrius
1402 4001 1493 4050 umen

291 4069 404 4140 ineptus
430 4076 475 4125 est
494 4073 523 4124 et
540 4067 624 4138 paulo
649 4067 810 4137 iactantior,
835 4073 867 4124 tu
915 4073 1010 4141 partes
1028 4069 1272 4126 coniunctionibus
1289 4069 1368 4124 inter
1396 4083 1427 4124 se
1450 4079 1494 4120 co·

292 4159 356 4196 eum
374 4158 478 4197 excusa
494 4139 606 4196 dicens:
635 4137 761 4196 officiosa
787 4141 866 4196 sedu·
915 4142 1027 4214 putatae
1045 4145 1119 4196 sunt.
1148 4139 1183 4197 cf.
1202 4138 1258 4196 Cic.
1276 4139 1416 4195 Mustio:
1438 4136 1494 4192 »sit

290 4211 371 4268 litate
397 4213 495 4268 amicis
521 4228 583 4267 sese
607 4209 704 4267 studet
728 4228 866 4268 commen·
914 4213 992 4284 apud
1009 4230 1059 4268 vos
1078 4215 1223 4268 ‚sesninc
1239 4211 1327 4276 locus,
1347 4211 1496 4266 nitriensis·

291 4282 385 4339 dures
421 4315 450 4324 -
477 4283 604 4355 simplae]
634 4283 796 4338 musanus
823 4287 867 4338 cst
915 4287 1113 4341 statuminibus
1124 4279 1204 4354 perfia
1227 4279 1497 4351 'enutrientium

294 4357 403 4428 duplex,
420 4358 454 4410 ut
471 4353 563 4409 (lurni.
580 4347 603 4422 Ῐ,
622 4357 649 4420 6,
669 4357 694 4410 7.
742 4354 866 4426 Simplex
914 4359 1037 4427 pudori«
1056 4355 1095 4410 id.
1109 4355 1144 4410 de
1154 4355 1199 4412 Or.
1239 4357 1306 4422 ‚432
1320 4353 1384 4410 ’Eu
1395 4353 1497 4416 omnib,
1542 4359 1543 4376 ¹

293 4431 327 4481 ut
344 4427 431 4482 sentit
447 4427 488 4482 ita
506 4425 639 4494 loquitur.
657 4455 691 4466 -
703 4427 785 4496 inter]
804 4426 866 4482 vide
915 4429 1420 4498 quseprobornmnessmrsm,non
1427 4422 1497 4480 acri·

294 4495 491 4563 adommin,
504 4499 529 4563 3,
544 4500 584 4552 11.
603 4496 638 4552 ci.
650 4495 725 4553 infra
741 4515 768 4551 v.
776 4500 819 4554 60.
830 4529 865 4540 -
915 4515 972 4564 um,
987 4516 1045 4556 non
1062 4498 1257 4568 pertinacium,
1276 4513 1335 4554 non
1351 4497 1496 4567 litigioso-

293 4591 308 4622 ο
330 4574 389 4623 nior
410 4567 608 4626 Praeterhunc
616 4569 783 4625 tribualocis
791 4569 865 4640 apud
915 4587 986 4636 rum,
1012 4587 1068 4625 nou
1086 4571 1249 4626 acerborum
1268 4571 1344 4635 sunt,
1376 4569 1498 4625 besem

321 4641 441 4697 cratium
457 4639 563 4712 legitur
580 4639 637 4696 Sat.
646 4640 668 4712 Ι,
679 4645 704 4707 7,
715 4644 741 4696 2.
772 4641 864 4711 Epist.
915 4641 1028 4698 lentiam
1046 4641 1222 4698 conciliant«
1237 4639 1414 4712 -nsttasd
1432 4638 1497 4698 vide
