3125 5225
509 282 598 349 LIB.
617 281 662 350 11.
684 279 784 349 SAT.
806 283 868 350 IV.
1223 282 1284 349 441

554 473 718 559 Snrran
748 474 813 559 IV.

148 613 252 691 Unde
276 627 316 689 et
340 637 417 712 quo
444 613 602 691 Catius?
645 612 731 687 Non
755 625 811 688 est
836 612 931 687 mihi
958 624 1108 709 tempus
1134 612 1261 688 aventi
1374 690 1382 707 p

147 739 290 815 Ponere
315 738 429 836 signa
449 738 560 813 novis
585 738 812 836 praeceptis,
843 737 972 837 qualis
997 738 1155 813 vineunt

283 910 406 968 Setire
421 910 469 966 lv.
714 914 745 965 et
760 910 956 967 commenticia
973 929 1042 966 esse.
1075 912 1167 980 Quare
1185 910 1287 981 siquis

141 984 179 1039 lle
202 983 257 1039 hee
283 983 372 1039 satire
392 982 469 1037 haud
491 982 579 1039 dubie
601 988 667 1054 post
714 983 745 1037 in
754 983 896 1054 gustando
905 984 1038 1053 princeps
1047 982 1131 1038 hodie
1142 983 1218 1038 inter
1228 984 1286 1037 leu-

106 1056 242 1111 mundam
260 1054 407 1126 scripta·
425 1053 504 1110 rides
521 1053 595 1109 enim
607 1055 665 1109 Set
714 1058 758 1108 tes
776 1056 873 1125 epulas
898 1055 1033 1110 edixisset
1056 1058 1200 1124 pratenses
1227 1054 1287 1109 iun·

106 1127 135 1194 ll,
144 1131 167 1192 2,
177 1131 210 1182 52
228 1144 270 1195 sq.
287 1126 354 1181 huic
371 1125 450 1196 qnasi
467 1126 541 1180 viem
561 1125 666 1181 muniri
715 1142 766 1207 gos
779 1126 881 1181 ceteris
901 1126 1030 1181 meliores
1048 1142 1109 1181 esse
1128 1130 1158 1180 et
1178 1125 1286 1181 ceulem

108 1229 135 1237 -
151 1198 292 1255 verissime
309 1198 377 1253 olim
395 1197 665 1269 disputaritwuell-
688 1215 743 1263 ,ιιι
771 1198 854 1253 siccis
885 1198 959 1269 egris
993 1202 1091 1253 netum
1125 1197 1286 1253 suburbano

104 1286 149 1325 ner
162 1274 265 1341 (progr.
277 1268 363 1324 schol.
376 1267 558 1339 Ddsseldorp.
577 1268 663 1338 1833).
714 1268 867 1324 dulciorem
887 1268 933 1339 (cl.
951 1270 1040 1324 vv.15
1059 1274 1089 1323 et
1107 1268 1152 1337 20)
1175 1270 1219 1323 rel
1236 1287 1286 1340 pa·

106 1341 208 1399 Etenim
231 1358 356 1405 suerum,
383 1340 490 1411 inquit,
513 1344 615 1410 poetes
635 1341 664 1397 in
713 1356 778 1395 nem
800 1340 913 1412 nignun
932 1342 1007 1395 inter
1025 1340 1222 1397 delicatissime
1240 1358 1288 1395 cu·

109 1412 154 1468 isc
170 1412 255 1467 satira
280 1411 431 1468 scribenda
456 1410 605 1467 consilium
622 1411 663 1465 di·
713 1410 796 1480 pedis
813 1412 1014 1467 numerandum
1033 1430 1102 1476 esse,
1126 1429 1222 1466 omnes
1239 1410 1288 1466 he·

105 1484 227 1539 scendum
243 1488 288 1539 est
304 1484 427 1554 primurm
444 1500 481 1540 ex
496 1484 559 1553 ipso
581 1500 665 1554 ergo·
713 1499 776 1537 rum
793 1500 885 1538 rerum
904 1483 1043 1539 studioses
1061 1483 1114 1539 hoc
1129 1483 1171 1537 ite
1188 1500 1283 1538 verum

104 1560 188 1611 mento
211 1554 289 1625 quod
316 1556 443 1611 cernitur
462 1555 493 1608 in
515 1555 665 1625 compluri-
714 1571 775 1608 esse
798 1554 932 1610 continuo
959 1560 1074 1627 gustare
1098 1554 1224 1624 quemvis
1243 1571 1286 1611 re·

104 1626 149 1681 bus
163 1626 321 1697 praeceptis
337 1626 415 1681 laute
439 1630 469 1680 et
485 1625 606 1680 delicate
624 1625 665 1679 vi·
712 1626 851 1680 clemente
875 1624 979 1696 pelato.
1026 1626 1065 1680 Et
1091 1628 1187 1681 temen
1214 1625 1286 1681 hanc

104 1698 178 1752 rendi
201 1699 256 1768 (rr.
274 1701 399 1765 12-87).
439 1698 596 1753 Secundum
620 1700 664 1753 est
714 1696 890 1767 disciplinam
918 1702 976 1753 tem
1002 1698 1148 1769 vulgarem
1171 1702 1285 1767 tamque

105 1769 171 1837 quod
187 1770 216 1824 in
233 1769 279 1823 lns
296 1767 464 1839 praeceptis,
488 1785 558 1837 quae
576 1768 664 1822 mexi-
714 1768 893 1823 arbitrariam
927 1770 979 1824 sub
1006 1768 1143 1825 eiusmodi
1168 1768 1287 1823 homini-

103 1856 168 1895 mem
185 1844 298 1911 partem
418 1841 445 1899 'e
460 1845 528 1897 sunt
544 1856 578 1898 ec
594 1841 665 1895 trite
712 1840 765 1895 bus
782 1857 877 1896 serem
904 1846 993 1897 artem
1016 1842 1116 1897 beetse
1135 1840 1210 1896 vites
1228 1840 1286 1895 dici

103 1910 146 1965 sed
168 1916 200 1967 ut
229 1929 304 1967 nora
329 1930 345 1966 e
386 1911 504 1980 'banton
530 1912 664 1965 nonnulle
713 1915 848 1980 tantaque
865 1910 1013 1981 diligentie
1030 1911 1126 1968 doceri
1150 1930 1182 1967 ec
1204 1912 1284 1977 disci,

103 1984 232 2039 communi
255 1987 383 2039 veterum
401 1982 463 2039 aeui
478 1982 562 2052 plane
581 1998 664 2051 repu-
713 1984 794 2052 qneei
811 1982 880 2037 nihil
904 1998 1000 2039 rerum
1016 1984 1202 2039 humanarum
1224 2000 1286 2055 gre-

102 2059 180 2125 gnsnt
204 2055 266 2111 sive
298 2054 369 2109 salsa
398 2057 477 2109 sunt:
512 2058 663 2123 utrumque
713 2054 775 2109 rins
793 2058 843 2108 eut
860 2052 1001 2109 difficilius
1019 2056 1082 2109 sits
1113 2054 1219 2110 Cetium
1238 2072 1286 2109 eu·

102 2124 663 2195 quinsturdioqueesiveritlioretiusnullo
712 2128 771 2180 tem
788 2125 908 2195 sumpsit
925 2126 1059 2181 Horatius
1084 2142 1118 2181 ex
1142 2126 1284 2183 Ciceronis

102 2196 176 2253 modo
198 2198 317 2253 dubium
336 2201 388 2253 est.
431 2195 541 2251 Deinde
568 2197 662 2252 Cetius
713 2197 846 2267 epistolis
866 2196 903 2251 ed
926 2197 1001 2251 Fam.
1021 2197 1080 2263 XV,
1102 2200 1148 2267 163
1177 2197 1287 2266 inque

101 2275 241 2340 prsecepta
262 2269 311 2323 ille
337 2267 491 2324 convivalia
514 2285 571 2323 non
595 2272 663 2323 nte
712 2266 834 2338 epistole
851 2284 923 2322 enno
942 2268 1000 2323 lere
1018 2270 1070 2324 708
1089 2270 1195 2339 scripte
1214 2267 1287 2324 (tatii

100 2356 126 2393 ss
141 2341 256 2411 cognite
272 2339 370 2405 tradit,
388 2340 440 2395 sed
456 2340 620 2395 memoriter
629 2357 663 2395 ee
711 2339 833 2405 Insubri,
851 2340 985 2409 Epicurei
998 2341 1165 2411 philosophi,
1177 2356 1285 2411 nupera

98 2413 123 2465 et
137 2413 214 2481 qussi
230 2412 293 2467 sine
310 2429 395 2467 sensu
413 2412 558 2467 decantata
588 2410 663 2466 unde
712 2428 788 2465 mors
806 2418 1047 2467 commemoretur.
1080 2412 1159 2467 Idem
1174 2412 1285 2483 saepius

98 2481 172 2537 initio
188 2483 324 2539 seminis
339 2486 426 2553 poete
443 2500 507 2539 enm
523 2500 608 2538 canu
618 2500 663 2537 ce·
711 2482 818 2537 fectum
844 2482 879 2539 ab
900 2482 1018 2539 Horatio
1036 2483 1184 2539 Trebatius
1202 2484 1287 2539 Teste

99 2552 200 2611 terrimo
218 2554 379 2627 presteris-e
396 2555 513 2626 cogitet,
530 2554 662 2609 utconti-
712 2554 837 2609 ostendit
863 2553 929 2624 (Set.
946 2554 985 2620 Π,
1009 2557 1041 2625 1).
1092 2556 1131 2612 Et
1158 2554 1285 2612 serieres

97 2643 147 2682 uuo
162 2626 277 2699 singula
289 2627 394 2682 litteris
408 2626 563 2697 consignet,
572 2628 662 2696 prius·
713 2625 828 2694 Quintil.
838 2623 871 2691 Χ,
882 2630 905 2690 l,
917 2630 982 2684 124:
1000 2628 1047 2682 »ln
1055 2627 1202 2698 Epicureis
1214 2627 1284 2682 levis

98 2715 173 2766 quem
198 2716 234 2754 ex
258 2698 354 2754 auimo
377 2714 429 2752 suo
445 2697 596 2769 quidquem
615 2715 662 2753 ex·
711 2697 825 2768 quidem
856 2697 905 2754 scd
927 2715 984 2754 non
1001 2699 1168 2756 iniucundus
1191 2701 1286 2752 tamen

98 2768 196 2824 ederit
243 2769 353 2837 Quarto
369 2769 432 2824 loco
449 2770 600 2825 tenendum
618 2773 662 2824 est
711 2773 812 2824 erector
829 2774 874 2824 est
892 2768 1013 2834 Cetius«
1043 2786 1126 2840 quem
1151 2772 1285 2838 quattuor

98 2857 188 2896 rerum
204 2846 350 2908 auctorem
367 2841 510 2911 sapienter
521 2841 661 2896 dictorum
713 2840 801 2896 libros
820 2840 856 2895 ds
872 2857 967 2896 rerum
977 2846 1078 2896 ustura
1091 2845 1119 2896 et
1132 2839 1283 2895 desummo

98 2911 187 2968 sedulo
212 2913 352 2970 occultari
375 2914 406 2967 et
424 2929 527 2968 arcane
542 2912 662 2982 quedem
713 2913 790 2967 bono
809 2911 954 2980 scripsisse
977 2913 1095 2968 trudunt
1117 2910 1285 2967 scholiastes

97 2985 284 3055 mssnitndiue
293 2984 450 3040 involutum
459 3001 520 3040 esse
529 2989 663 3054 tanquam
713 2983 750 3038 ed
766 2983 822 3038 h.l.
857 2983 989 3054 Ignotum
1006 2987 1220 3056 praeceptorum
1237 2999 1285 3037 eu-

97 3054 207 3112 sltcrum
254 3056 429 3124 Tyeneneem
473 3055 661 3125 Apollonium
713 3061 819 3110 ctorem
830 3054 866 3124 (v.
880 3060 921 3112 10.
931 3058 965 3112 89
973 3057 1044 3126 sqq.)
1060 3055 1108 3112 elii
1118 3056 1217 3125 e'psum
1229 3054 1285 3109 Ho-

96 3123 178 3181 Pcrro
193 3125 280 3184 facile
299 3125 378 3181 vides
401 3144 460 3182 nun
482 3131 589 3183 temere
617 3144 663 3183 oc·
713 3127 818 3182 retium
835 3128 906 3182 mire
923 3129 967 3182 sui
983 3128 1072 3212 ipsius
1089 3127 1219 3182 irrisione
1233 3144 1285 3196 pu-

96 3197 188 3252 cnltsri
203 3215 310 3255 nomen
326 3198 459 3267 auctoris,
488 3198 538 3254 sed
556 3198 611 3254 hoc
628 3215 663 3254 eo
712 3202 784 3264 tent,
812 3198 861 3253 alii
887 3215 945 3254 nou
961 3199 1068 3254 felicius
1085 3199 1284 3254 Maecenatem.

98 3266 153 3323 lieri
172 3270 294 3326 consilio
318 3274 350 3324 ut
373 3274 526 3340 praecepta
547 3287 564 3325 e
583 3269 663 3324 (letio
712 3270 818 3327 Verum
839 3272 1114 3326 utauetorisnomsn
1124 3287 1285 3326 eoncessum

96 3345 245 3397 memorate
271 3358 336 3396 cum
357 3342 435 3397 nulle
457 3359 489 3395 re
511 3341 567 3396 elie
589 3358 663 3396 oom-
712 3341 795 3396 nobis
813 3358 869 3396 non
887 3347 931 3396 est
948 3342 1104 3412 explorare,
1130 3341 1185 3396 nisi
1206 3339 1283 3396 forte

95 3413 256 3538 mter,
285 3412 424 3483 dignitate
447 3412 570 3469 sectoris
597 3429 663 3468 con·
712 3413 747 3468 ab
757 3411 876 3468 Horatio
894 3413 989 3468 lictum
1005 3417 1151 3468 auctorem
1168 3412 1284 3468 credere

215 3487 249 3539 et
269 3485 405 3554 ampliora
425 3501 489 3539 esse
506 3484 663 3540 videantur.
712 3487 847 3554 praestet,
874 3485 915 3540 its
939 3484 968 3541 in
993 3485 1056 3556 ipso
1081 3485 1203 3540 carmine
1222 3484 1285 3553 quis

95 3550 215 3626 Denique
233 3556 332 3611 Cetius
349 3562 423 3610 novt
445 3573 497 3609 sne
512 3560 664 3626 praecepte
712 3554 824 3612 dubitet
848 3557 914 3624 quin
930 3573 987 3612 non
1004 3573 1093 3628 peuce
1110 3557 1197 3610 insint
1215 3571 1286 3625 quae
1311 3575 1313 3579 ·

94 3624 155 3679 telis
172 3626 403 3698 eseepmdicet‚
422 3629 455 3681 ut
464 3627 577 3689 vincent
594 3627 663 3697 »125-
711 3630 841 3682 nostrum·
863 3629 905 3683 rei
931 3629 1083 3684 culinariee
1107 3627 1285 3698 antiquorum

95 3695 226 3767 lingonen
235 3698 380 3769 Anytique
396 3716 475 3753 reem
493 3698 663 3770 doctumque
711 3698 1010 3770 scientiameffugient‚
1029 3703 1178 3770 perspecte
1191 3704 1285 3754 autem
1322 3747 1324 3752 .

94 3765 230 3826 Platone«
277 3773 372 3840 Atque
390 3771 526 3826 Horatius
542 3771 592 3824 ille
609 3772 662 3825 sub
712 3771 856 3834 nossent,
884 3771 1018 3826 maiorem
1044 3771 1126 3828 nobis
1154 3774 1284 3826 crearent

94 3837 170 3895 inem
192 3841 330 3897 carminis
356 3841 462 3897 nonies
488 3840 558 3895 dicit
583 3858 663 3911 prae·
711 3858 747 3896 ex
765 3843 888 3897 camnine
901 3843 1126 3898 delectationem.
1144 3843 1206 3898 Seri
1226 3847 1284 3896 tem

93 3916 170 3981 eps·
188 3915 268 3968 ritae
283 3915 394 3979 beatae,
413 3929 444 3967 se
456 3929 662 3982 quoqueeme·
711 3929 774 3968 esse
794 3913 865 3968 hanc
884 3913 998 3969 satiram
1016 3915 1065 3970 elii
1083 3933 1106 3968 e.
1121 3917 1173 3968 ⁷22
1192 3861 1240 3968 eiii
1257 3929 1281 3966 e

94 3998 144 4050 gno
167 3984 219 4058 illo
244 3985 385 4054 magistro
406 4001 440 4038 ee
462 3985 572 4040 discere
589 3986 662 4040 velle
712 3986 765 4039 724
786 3985 950 4054 opinentur3
970 3985 1106 4041 Weberus
1125 3984 1284 4054 suspicetur

96 4053 238 4126 simulsns3
255 4073 323 4111 cum
341 4071 424 4110 neme
441 4073 524 4111 senus
543 4056 662 4111 teliedi-
710 4073 824 4111 carmen
857 4056 993 4126 scriptum
1019 4075 1081 4112 esse
1106 4059 1213 4110 aestate
1237 4053 1283 4120 (oi.

94 4139 165 4180 scere
179 4127 253 4183 relit
273 4126 325 4182 sed
349 4143 431 4182 suum
457 4127 574 4197 quisque
601 4145 662 4182 seu-
711 4128 792 4196 etl)
814 4131 910 4194 erse,
929 4127 1074 4198 Zumptius
1091 4132 1189 4182 contra
1209 4142 1284 4180 com·

93 4211 147 4250 snm
159 4204 192 4253 et
207 4197 336 4270 peletsmr
356 4199 435 4267 sequi
451 4199 577 4253 debeat«
623 4199 662 4254 Et
711 4199 835 4268 positum
851 4200 908 4254 iem
919 4217 979 4255 esse
991 4217 1014 4254 e.
1027 4203 1089 4254 714.
1106 4197 1215 4253 Desunt
1223 4213 1283 4252 oer-

92 4264 200 4324 deinde:
231 4268 328 4339 »Ergo
345 4269 480 4324 Horatius
499 4271 550 4324 hec
574 4271 662 4326 satire
712 4277 759 4324 tae
774 4269 907 4334 rationes,
936 4271 1037 4340 quibus
1062 4269 1145 4326 innisi
1171 4273 1282 4337 tempus

92 4336 223 4396 deoeribit
239 4345 489 4412 &bononorum
498 4348 661 4425 praecepte,
710 4342 836 4412 reperire
855 4359 996 4412 queamus.

92 4427 156 4476 quse
179 4429 235 4483 pro
259 4413 351 4467 noeis·
364 4421 395 4466 et
415 4412 550 4468 inauditis
568 4413 662 4468 vendi·
747 4413 813 4467 Η.
833 4433 932 4486 ponere
949 4415 1039 4496 siqua]
1058 4413 1133 4466 idem
1151 4409 1283 4479 estquod

92 4483 197 4548 untur,
226 4483 366 4554 pleneque
393 4484 519 4553 vulgaria
544 4501 606 4540 esee
633 4489 662 4539 et
711 4485 878 4568 consignare
895 4485 1009 4548 litteus,
1038 4499 1071 4539 eo
1093 4481 1214 4536 fortasse
1241 4481 1283 4536 di-

92 4555 215 4610 omnibus
230 4558 312 4622 note
330 4553 387 4610 elie
399 4555 562 4611 exubitrio
581 4558 612 4611 et
629 4556 661 4610 li·
710 4556 850 4623 sorimmn,
869 4556 945 4626 quod
962 4551 1132 4625 inponendo
1148 4553 1230 4624 signe
1246 4553 1281 4608 si-

91 4621 179 4682 bidius
196 4626 376 4698 singulorum
382 4624 662 4698 hominnmpendere
710 4628 770 4683 mul
785 4628 858 4684 inest
875 4628 953 4692 notio
969 4624 1125 4695 firmitatis3
1143 4621 1282 4682 hocenim
