3125 5225
304 308 368 387 564
603 327 605 334 ·
747 304 1072 380 EPISTOLARUM

303 524 341 565 rso
352 494 440 570 Non
449 507 594 570 temere
607 504 663 570 est
677 492 843 569 animus:
865 518 996 569 versus
1008 505 1121 589 amat,
1136 492 1210 569 hoc
1223 492 1347 571 studet
1359 520 1486 591 unum;
1541 502 1542 567 ἵ

352 609 599 715 Detrimenta,
625 618 738 719 fugas
765 644 974 715 serverum,
1001 616 1179 694 incendia
1204 616 1322 715 ridet,

353 744 441 819 Non
467 743 644 819 fraudem
669 744 773 818 socio
801 769 972 841 puerove
998 744 1186 843 incogitat
1209 744 1325 819 ullam

353 869 523 967 Pupill03
550 870 645 944 vivit
670 850 819 968 siliquis
847 880 883 943 et
908 893 1018 967 pene¹
1034 869 1214 967 secunde,

354 992 514 1068 Militiae
541 1016 774 1091 quamquam
799 992 912 1091 piger
938 1005 975 1066 et
1001 992 1135 1089 malus,
1164 993 1268 1067 utilis
1291 994 1388 1089 urbi,

303 1148 341 1188 m
354 1116 395 1193 Si
422 1115 490 1192 das
517 1117 603 1213 hoc,
626 1116 755 1215 parvis
781 1140 937 1215 quoque
962 1116 1076 1191 rebus
1103 1142 1244 1217 magna
1269 1118 1402 1194 iuvari.

355 1238 409 1316 Os
436 1252 609 1317 tenerum
635 1239 745 1337 pueri
769 1238 1006 1339 balbumque
1033 1252 1149 1338 poeta
1170 1241 1320 1339 figurat,

354 1363 528 1464 Torquet
552 1365 601 1439 ab
629 1362 828 1438 obscoenis
857 1364 932 1439 iam
960 1388 1062 1439 nunc
1088 1366 1329 1441 sermonibus
1356 1390 1490 1461 aurem,
1541 1346 1542 1389 ³

350 1488 444 1564 Mox
469 1489 584 1564 etiam
609 1499 740 1589 pectus
764 1490 977 1587 praeceptis
1006 1490 1148 1564 format
1174 1490 1316 1585 amicis,
1541 1492 1542 1501 ’

353 1611 580 1710 Asperitatis
607 1624 645 1687 et
669 1611 840 1689 invidiae
866 1626 1058 1689 corrector
1084 1627 1123 1690 et
1147 1614 1249 1709 irae;

303 1766 341 1806 ao
353 1730 469 1811 Recte
495 1736 596 1812 facta
623 1738 754 1833 refert,
783 1738 944 1814 orientia
969 1751 1143 1837 tempora
1167 1739 1266 1813 notis

352 1860 511 1936 Instruit
538 1862 732 1961 exemplis,
764 1862 918 1961 inopem
945 1862 1090 1937 solatur
1115 1876 1153 1938 et
1179 1888 1352 1963 aegrum.

355 1986 477 2064 Castis
499 2013 586 2061 cum
608 1988 738 2084 pueris
765 1987 899 2086 ignara
921 1987 1052 2085 puella
1074 1988 1203 2064 mariti
1300 1970 1306 1983 ¹

350 2113 520 2187 Disceret
547 2111 651 2187 unde
676 2137 821 2211 preces,
850 2125 975 2188 vatem
1001 2114 1043 2187 ni
1068 2113 1179 2189 Musa
1205 2110 1404 2188 dedisset?

355 2237 484 2313 Poscit
507 2261 619 2335 opem
643 2234 781 2311 chorus
809 2247 846 2313 et
867 2236 1083 2336 praesentia
1106 2236 1265 2311 numina
1290 2236 1418 2331 sentit,

305 2397 342 2437 sss
356 2361 548 2440 Coelestes
570 2359 752 2458 implorat
776 2386 896 2461 aquas
922 2360 1035 2439 decta
1060 2386 1174 2459 prece
1196 2358 1379 2457 blandus,

357 2485 509 2562 Avertit
531 2485 696 2582 morbos,
724 2484 930 2561 metuenda
941 2484 1125 2583 „pericula
1150 2483 1269 2585 pellit,

354 2598 540 2712 Impetrat
566 2623 604 2685 et
627 2635 763 2710 pacem
791 2624 827 2686 et
851 2608 1082 2708 locupletem
1116 2608 1288 2710 frugibus
1315 2635 1476 2703 annum,
1541 2703 1542 2718 ἶ

356 2735 536 2816 Carmine
559 2734 599 2809 di
624 2735 754 2833 superi
778 2734 990 2834 placantur,
1020 2735 1188 2810 carmine
1211 2735 1359 2810 Manes.
1541 2727 1542 2742 ¹

357 2859 566 2962 Agricolae
591 2859 718 2958 prisci,
746 2859 864 2934 fortes
885 2884 1083 2958 parvoque
1110 2857 1223 2952 beati,

305 2999 400 3070 poesis
416 2997 491 3068 epod
500 2997 617 3054 Latinos
636 2997 751 3067 eiusque
769 2997 881 3052 culture
929 3015 1005 3062 num,
1023 2997 1052 3051 id
1074 2999 1126 3060 est,
1149 2995 1178 3050 in
1196 3011 1252 3066 quo
1271 2993 1352 3050 nulla
1363 3011 1503 3066 nequem·
1541 3003 1542 3062 ἲ

306 3069 519 3197 &millii
529 3081 746 3194 :tata
763 3067 881 3194 'titt
929 3067 1542 3206 zttttatttttttttttttttt‡

306 3218 370 3267 dere
398 3179 461 3266 sinin
488 3210 654 3267 accusativis
683 3210 881 3281 pronominum
930 3210 984 3266 bus
1001 3210 1068 3277 dixi,
1087 3227 1151 3264 cum
1171 3207 1200 3263 in
1212 3208 1332 3278 quedem
1347 3180 1433 3280 primi
1443 3207 1503 3262 libri

306 3290 337 3339 et
361 3283 565 3338 ediectivorum
588 3298 684 3351 gener.
704 3288 796 3337 neutr.
816 3297 881 3335 con·
930 3286 1012 3350 perte
1040 3297 1191 3350 puerorum
1210 3300 1259 3334 ore
1276 3284 1436 3348 formarem,
1460 3295 1503 3348 op·

229 3366 231 3371 '
306 3353 445 3425 iungitur,
462 3357 495 3408 ut
513 3353 588 3423 epod
607 3353 663 3407 Cio.
672 3351 742 3406 Phil.
756 3351 801 3415 Vl,
810 3354 835 3416 7,
848 3355 880 3406 le
928 3354 1183 3436 pericommatos,
1202 3351 1232 3404 in
1251 3365 1283 3404 ea
1301 3354 1399 3406 aetate
1417 3349 1504 3406 fecere

308 3441 407 3479 »enum
426 3425 537 3480 sentitis
556 3440 661 3487 omnes,
680 3439 767 3477 annm
786 3422 880 3477 stude·
903 3467 905 3472 .
929 3424 1041 3478 illorum
1052 3423 1231 3484 mentionem,
1250 3423 1348 3492 inqua
1364 3421 1505 3477 emendari
1541 3481 1542 3484 Ἴ

306 3497 375 3563 tis;«
395 3495 507 3550 Terent.
521 3495 587 3549 Hae.
606 3493 642 3558 11,
663 3498 687 3557 1,
705 3497 736 3548 2:
758 3493 879 3548 »Eadem
928 3499 1071 3565 possunt«
1085 3499 1185 3548 -s'asn
1204 3492 1284 3564 naec]
1303 3493 1389 3548 ieme
1405 3507 1504 3563 puero:
1541 3505 1542 3536 1

305 3582 395 3636 aeque
407 3566 563 3620 studeants
584 3565 668 3635 Apud
677 3563 808 3619 Plautum
820 3563 880 3619 Mil.
927 3583 991 3620 nem
1009 3565 1127 3636 puerilis
1146 3565 1229 3618 etiem
1247 3567 1326 3618 aeter
1345 3569 1376 3619 et
1385 3581 1505 3620 eorrum-

305 3636 343 3708 gl
358 3637 391 3701 V,
405 3636 687 3705 uentiquiorensn:
705 3638 812 3690 »minus
830 3635 880 3690 hes
928 3638 1046 3707 pebntur
1074 3641 1103 3690 et
1130 3635 1327 3690 delectabatur
1360 3635 1505 3690 obscoenis

306 3724 352 3762 res
370 3706 529 3761 studeant«
542 3737 576 3747 —-
593 3706 735 3778 incepisse]
752 3707 880 3777 verbum,
929 3725 1011 3778 saepe
1025 3707 1211 3762 sermonibus
1224 3705 1259 3760 ci.
1270 3705 1421 3776 Carmlll,
1431 3707 1505 3770 eat.

306 3783 340 3833 ut
366 3777 493 3844 videtur,
525 3776 621 3832 fictum
659 3776 696 3831 ad
721 3794 801 3832 exem
821 3777 881 3833 lum
929 3811 960 3818 —
991 3784 1109 3834 orientia
1137 3775 1268 3850 tempora]
1297 3777 1435 3831 subolem.
1475 3805 1504 3816 -

306 3849 665 3921 wilerceias-posse
686 3795 880 3919 secundolinon
928 3849 1048 3922 asprum]
1076 3847 1160 3904 animi
1187 3863 1311 3919 aegrum,
1343 3847 1504 3902 sollicitum.

307 3921 444 3991 siligineo,
464 3919 513 3976 sed
530 3917 745 3990 dispensatorio.
764 3917 888 3978 Sueten..
929 3949 957 3960 -
983 3921 1090 3992 eteros]
1109 3933 1261 3990 puerorum
1282 3925 1311 3973 et
1325 3918 1505 3990 puellarum

306 3993 463 4050 estuare:
492 3991 570 4047 »cibi
587 3990 695 4044 minimi
715 3994 777 4045 erat
796 3993 880 4062 etque
927 3991 990 4047 vide
1009 3993 1045 4047 ad
1065 3992 1179 4046 Carmen
1197 3987 1351 4045 saeculare.
1372 4019 1408 4031 -
1426 3988 1504 4059 vnde]

305 4065 428 4136 vulgaris
445 4064 512 4118 fere
530 4060 729 4118 &nandulum
739 4067 880 4131 panemet
927 4079 1025 4133 equo,
1044 4067 1076 4118 ut
1095 4062 1185 4116 Carm
1206 4061 1228 4126 1,
1250 4063 1291 4127 11,
1312 4063 1355 4118 17.
1383 4093 1406 4102 ·-
1429 4079 1506 4134 prse-

305 4134 456 4206 pisciculos
466 4136 590 4189 minutos
599 4135 774 4203 appetebat«
789 4165 811 4173 -
830 4139 880 4188 mr·-
927 4135 1028 4207 sentia]
1055 4134 1118 4188 vide
1142 4133 1178 4188 sd
1196 4133 1288 4188 Germ.
1305 4131 1326 4199 1,
1351 4133 1398 4200 86,
1420 4135 1445 4188 2.
1474 4159 1505 4171 -

307 4207 398 4279 tiriae]
415 4206 526 4262 dativus
544 4210 596 4274 est,
620 4205 778 4259 contrarius
796 4205 879 4260 elteri
928 4235 961 4245 -
980 4206 1073 4277 sestis]
1085 4208 1189 4260 eventu
1203 4203 1358 4274 cognoscit,
1371 4207 1405 4258 ut
1417 4203 1504 4258 cm.

306 4283 376 4333 seit.
405 4275 719 4342 reclamantes:
742 4276 879 4348 »impiger
925 4274 972 4341 IV,
985 4277 1010 4344 6,
1020 4279 1227 4348 3.-s'mptmt
1259 4274 1440 4344 implorando
1457 4273 1505 4327 im·
1541 4301 1542 4304 ¹

306 4349 424 4421 militiae
447 4355 478 4404 et
500 4349 615 4404 scribes
637 4347 825 4402 ministeriis·
845 4377 878 4388 -
962 4351 1028 4402 trat.
1053 4345 1196 4472 -aqssasg
1239 4345 1348 4400 earm.
1367 4345 1445 4401 Seec.
1463 4349 1503 4400 31.
1541 4401 1542 4406 χ

307 4425 332 4473 ss·
349 4422 413 4486 der}
432 4419 571 4475 concedis.
604 4416 836 4486 of.sst.1‚4‚39.
856 4417 877 4486 I,
940 4417 1176 4485 'rm.lll,10,1
1200 4459 1205 4470 .
1236 4417 1354 4471 Remml
1373 4417 1399 4470 si
1417 4431 1504 4486 equae
1541 4447 1542 4458 .

309 4493 351 4554 10,
363 4492 389 4544 t.
399 4517 435 4530 -
449 4512 479 4546 os
497 4489 586 4560 pessi]
605 4488 721 4558 Quintil.
730 4487 778 4556 XI,
789 4491 814 4554 3,
829 4492 878 4545 30:
925 4489 1021 4561 inopie
1032 4490 1241 4560 premebantur,
1260 4485 1451 4543 instituebant
1465 4501 1505 4542 se·

309 4561 393 4616 »vitio
416 4560 525 4617 carebit
541 4561 667 4630 (cretio),
695 4561 720 4614 si
743 4559 830 4616 fuerit
848 4581 877 4614 es
926 4578 975 4616 crs
992 4559 1052 4616 lovi
1062 4559 1191 4624 Pluviali,
1209 4554 1347 4629 mesticia
1366 4557 1456 4624 dicte,
1476 4561 1504 4612 et

307 4631 397 4699 facile,
418 4633 605 4702 explanatum,
623 4631 783 4699 iucundum,
796 4631 879 4686 nrbe-
925 4631 1105 4703 nudipedalis
1124 4632 1296 4704 egebant-
1319 4630 1503 4701 Manedsunt
1541 4649 1542 4656 ¹
