3125 5225
247 298 298 335 m
691 228 986 331 PRAsrnrm.

250 457 325 531 iam
353 468 484 530 notum
515 482 595 531 esse
622 453 781 529 deberet
807 451 1113 529 adolescentibus
1135 452 1181 529 ad
1200 454 1362 554 primam
1374 461 1449 554 'gy-

251 580 387 657 mnasii
424 582 581 658 classem
618 576 922 675 ascendentibus,
961 605 1012 655 ne
1051 580 1146 680 quid
1184 602 1447 678 expromerem
1543 618 1545 623 ·

251 704 356 805 quod
372 718 448 815 ¹aut
472 718 571 781 artes
599 704 873 803 grammaticae
897 717 962 779 aut
986 704 1108 781 lexico
1139 704 1268 800 latina,
1306 704 1450 804 quibus

132 820 134 823 ⁵
250 830 305 903 uti
328 828 453 905 solent
475 829 664 929 discipuli,
688 828 844 905 abunde
868 830 1110 930 praeberent,
1135 856 1183 905 ne
1211 828 1379 929 denique
1400 830 1450 905 li-

250 955 339 1029 bros
362 980 384 1029 a
410 956 544 1030 notitia
567 954 627 1030 vel
656 956 766 1053 copia
790 954 1090 1030 adolescentium
1115 956 1262 1031 alienos
1287 955 1450 1033 moleste

251 1092 289 1154 et
312 1079 531 1177 importune
556 1078 767 1155 laudarem.
796 1079 1042 1177 Quapropter
1063 1078 1298 1179 quicitandi
1323 1093 1451 1157 essent

252 1202 414 1277 aliorum
455 1204 684 1302 scriptorum
728 1204 825 1297 loci,
864 1205 896 1277 si
932 1230 977 1278 ex
1009 1204 1173 1302 Virgilio
1210 1217 1336 1283 essent
1381 1205 1450 1281 de·

249 1325 392 1425 sumpti
427 1326 488 1401 vel
528 1352 574 1403 ex
610 1326 742 1403 Ovidii
769 1328 1130 1428 Metamorphoseon
1165 1327 1277 1405 libris
1313 1331 1450 1407 simili-

249 1452 410 1553 busque,
443 1478 622 1529 numeros
657 1465 804 1529 tantum
830 1452 1019 1549 indicari3
1060 1454 1171 1530 aliter
1203 1466 1303 1530 totos
1342 1454 1451 1531 locos
1488 1464 1494 1471 '

249 1577 499 1675 apponendos
527 1578 669 1653 curavi.
731 1578 836 1654 lllud
873 1591 1000 1654 autem
1036 1580 1191 1656 efficere
1215 1580 1372 1676 tenmvi,
1407 1592 1453 1655 ut

252 1727 367 1801 quam
392 1702 560 1799 plurima
585 1724 819 1801 apponerem
848 1728 947 1810 quae
974 1705 1248 1780 accuratiorem
1272 1705 1452 1805 antiquo·

249 1852 336 1900 rum
361 1850 513 1901 morum
538 1852 583 1902 ac
608 1828 709 1903 vitae
734 1827 909 1902 notitiam
935 1828 1120 1904 adiuvare
1144 1841 1211 1905 ant
1248 1841 1452 1927 poetarum

250 1950 457 2025 latinorum
495 1952 700 2051 praecipue
726 1953 879 2029 Horatii
914 1978 1025 2028 usum
1064 1954 1257 2030 scribendi
1293 1968 1454 2055 possent

253 2074 456 2149 illustrare.
515 2074 652 2173 Neque
684 2074 840 2151 omnino
866 2089 1043 2174 poteram
1070 2076 1210 2152 criticis
1236 2078 1450 2154 annotatio·

255 2199 368 2275 nibus
394 2200 603 2295 abstinere;
645 2226 743 2299 quac
773 2214 901 2278 tamen
935 2227 997 2278 res
1036 2226 1123 2277 cum
1146 2201 1377 2279 difficillima
1401 2204 1456 2279 sit

252 2338 291 2400 et
315 2348 495 2421 magnam
522 2336 671 2422 partem
697 2350 721 2399 a
746 2325 891 2400 iudicio
916 2324 1196 2424 discipulorum
1217 2339 1376 2423 remota,
1403 2351 1454 2405 ea

251 2450 491 2549 potissimum
528 2450 708 2548 eligenda
746 2449 923 2525 ananan·
963 2474 1063 2549 quae
1102 2462 1141 2525 et
1178 2451 1451 2527 adiumntibns

252 2574 442 2674 magistris
467 2586 623 2676 possent
646 2575 695 2650 ab
734 2573 1040 2650 adolescentibus
1075 2574 1240 2675 intelligi
1274 2588 1314 2651 et
1342 2575 1454 2652 inve·

252 2699 371 2775 uilem
398 2699 563 2774 animum
590 2711 768 2775 acuerent
793 2712 833 2776 et
858 2700 1162 2784 corroborarent.
1216 2700 1280 2777 Ad
1304 2700 1452 2778 calcem

252 2823 343 2898 libri
369 2823 514 2899 indices
541 2821 683 2913 adieci3
719 2823 759 2898 in
792 2823 918 2922 iisque
951 2824 1125 2921 congessi
1160 2835 1199 2900 et
1222 2849 1268 2899 ea
1292 2825 1456 2900 nomina

254 2971 353 3046 quae
378 2959 446 3022 aut
471 2945 575 3042 apud
588 2946 794 3020 Horatium
819 2957 886 3021 aut
911 2945 987 3020 alia
1013 2946 1062 3023 de
1086 2971 1199 3021 cansa
1222 2961 1347 3024 essent
1369 2973 1454 3024 me·

252 3071 454 3147 morabilia
481 3070 629 3146 omissis
655 3069 702 3146 iis
729 3095 828 3170 quae
854 3068 972 3145 semel
999 3069 1159 3146 fortasse
1192 3073 1358 3170 exempli
1392 3074 1455 3148 fa·

251 3195 377 3272 ciendi
405 3219 517 3271 causa
542 3195 729 3272 attulisset
753 3207 879 3293 poeta,
901 3207 939 3270 et
963 3219 1027 3270 eas
1052 3222 1113 3270 res
1138 3219 1238 3295 quae
1263 3197 1304 3272 in
1330 3221 1455 3272 anno·

250 3319 455 3396 tationibus
490 3320 540 3394 ad
563 3297 751 3394 indicatos
777 3318 883 3394 locos
909 3318 1121 3417 explicatae
1153 3319 1271 3396 facile
1294 3334 1456 3418 possent

252 3443 342 3520 data
367 3442 498 3542 aliqua
523 3445 723 3518 occasione
743 3443 900 3542 requiri.

353 3593 599 3694 Aquisgranl‚
627 3591 717 3670 Kal.
745 3593 958 3690 Septembr.
984 3593 1309 3673 MDCCCXLIII.
