3125 5225
299 236 365 306 ets
761 234 1038 305 SATIRARUM

267 475 269 478 -
348 425 430 501 Nec
454 450 592 501 vereor
615 450 676 518 ne,
703 422 796 499 dum
823 424 944 521 tutuo,
973 424 1034 499 vir
1057 448 1146 499 rure
1171 435 1348 519 recurret,

351 550 474 627 Ianua
499 551 711 648 frangatur,
737 548 850 626 latret
875 548 989 645 cauis,
1018 547 1190 649 undique
1217 572 1353 645 magno

349 676 465 752 Pulsa
488 675 625 751 domus
648 673 808 773 strepitu
835 685 996 770 resonet,
1024 671 1219 773 vepallida
1240 671 1337 747 lecto

301 830 338 870 aa
350 800 508 877 Desiliat
530 799 679 893 mulier,
703 798 883 875 miseram
908 824 949 873 se
975 797 1125 873 conscia
1149 796 1297 892 clamet,

351 924 536 1004 Oruribus
561 924 656 1000 haec
680 935 834 1019 metuat,
860 922 942 998 doti
967 921 1167 1022 deprensa,
1195 932 1348 1021 egomet
1370 920 1430 995 mi.

348 1050 541 1125 Disciuota
563 1048 694 1125 tunica
719 1046 949 1145 fugiendum
976 1058 1032 1123 est
1059 1071 1105 1122 eo
1129 1044 1233 1145 podo
1256 1044 1372 1140 nudo,
1414 1118 1416 1121 .

348 1174 407 1250 Ne
431 1174 578 1248 nummi
602 1186 762 1271 pereant
786 1183 852 1247 aut
874 1196 981 1271 puga
1005 1180 1071 1250 aut
1096 1169 1263 1269 denique
1289 1170 1402 1247 fama.

347 1298 545 1395 Deprendi
570 1298 752 1373 miserum
780 1310 856 1392 est3
882 1296 1003 1373 Fabio
1031 1296 1092 1371 vel
1119 1294 1246 1371 iudice
1270 1294 1429 1371 vincam.

853 1500 950 1509 n—-a-

766 1638 930 1729 Snrrus
959 1638 1031 1723 111.

348 1775 537 1855 Omnibus
559 1778 633 1853 hoc
657 1779 790 1855 vitium
818 1792 874 1855 est
897 1778 1126 1871 cantoribus,
1153 1776 1252 1853 inter
1277 1777 1418 1853 amicos

347 1902 397 1981 Ut
420 1928 618 2003 nunquam
645 1902 1025 1981 inducantanimum
1048 1914 1201 1977 eantare
1223 1901 1361 2001 rogati,
1418 1974 1422 1983 .

347 2027 489 2105 Iniussi
511 2054 710 2129 nunquam
737 2028 929 2105 desistant.
983 2026 1126 2103 Sardus
1152 2026 1319 2103 habebat

301 2157 384 2213 lsciei
402 2157 505 2213 colore.
546 2157 744 2241 ltpodnmt.
761 2186 795 2198 —
821 2161 876 2213 ltin
925 2174 973 2215 sus
991 2156 1037 2213 sit.
1078 2154 1170 2224 Quare
1197 2170 1272 2211 nuno
1289 2152 1488 2237 ostenditque·
1545 2156 1546 2231 j

301 2241 328 2285 st
346 2230 462 2301 Eparia]
490 2228 665 2284 nobihssima
688 2233 719 2285 et
741 2229 876 2299 antiquis·
924 2228 966 2283 lss
986 2228 1114 2284 homines
1137 2243 1198 2281 esse
1225 2226 1343 2291 soleant,
1374 2241 1421 2295 qur
1445 2238 1489 2279 sna
1545 2278 1546 2281 ,

269 2343 272 2347 -
299 2300 371 2356 sima
387 2299 507 2355 nomina
525 2330 561 2342 -
580 2299 728 2373 vepallida]
756 2300 821 2356 vide
841 2299 877 2358 ad
925 2300 995 2357 vitia
1011 2316 1068 2355 non
1087 2297 1215 2355 videnter
1232 2296 1304 2354 alios
1324 2296 1442 2367 maligne
1456 2294 1490 2348 ri·

302 2371 394 2427 Germ.
414 2370 436 2434 1,
454 2373 481 2440 5,
498 2374 524 2428 8.
556 2400 588 2411 -
618 2373 739 2443 camma]
774 2370 877 2427 ancilla
924 2372 1066 2441 tuperent‚
1085 2368 1206 2439 quidque
1224 2367 1395 2423 discriminis
1414 2366 1491 2421 inter-

290 2440 488 2498 conciliatrix
506 2471 541 2484 ·-
559 2443 694 2513 mribus]
715 2442 877 2499 Iulidelibus
925 2443 963 2497 sit
978 2442 1054 2497 inter
1071 2442 1209 2497 sinceram
1232 2440 1320 2495 etiem
1349 2439 1491 2494 amicorum

300 2513 390 2569 servis
414 2513 541 2569 crudeles
564 2513 670 2571 domiui
693 2530 778 2571 orara
794 2532 877 2585 saepe
924 2512 1171 2584 reprehensionem
1192 2512 1449 2579 correctionemque
1465 2510 1492 2589 st

297 2584 473 2657 iungebant
491 2586 612 2660 -dctt1
640 2585 773 2643 Mulieres
799 2586 876 2643 adul·
924 2584 1078 2656 malignum
1105 2582 1246 2640 levissima
1276 2582 1349 2639 vitia
1379 2578 1491 2653 augendi

298 2657 366 2714 terii
396 2656 541 2722 cannatae
563 2656 639 2713 debs
665 2663 749 2728 parte
774 2660 877 2716 multa·
924 2656 1113 2728 efferendiqus
1131 2655 1265 2712 studium.
1300 2654 1354 2710 Oui
1370 2651 1493 2726 pravitati

298 2729 409 2784 bantur.
431 2757 463 2770 -
484 2729 579 2800 Fatis]
598 2730 656 2786 Sat.
674 2730 695 2796 1,
714 2734 739 2800 1,
759 2734 801 2788 14.
847 2731 875 2786 ls
924 2747 990 2785 cum
1007 2727 1153 2783 excusatio
1170 2727 1268 2797 quaeri
1291 2727 1395 2782 saltem
1411 2723 1494 2796 possit

299 2802 393 2867 stiam
413 2801 461 2871 qai
472 2800 800 2872 verborumliugoaeque
815 2815 875 2858 cer·
923 2802 954 2856 iu
971 2799 1129 2856 Stoicorum
1145 2797 1333 2870 philosophia,
1357 2799 1439 2868 posta
1463 2811 1492 2850 eo

297 2872 404 2928 tamine
424 2872 529 2927 nemini
552 2890 590 2926 uu
610 2889 675 2927 uam
700 2875 794 2940 cessit,
821 2872 875 2930 hoc
925 2871 1000 2927 ultro
1016 2870 1138 2935 ducitur,
1158 2875 1190 2925 ut
1207 2869 1318 2934 doceat,
1331 2869 1390 2924 eius
1406 2870 1492 2923 sectae

297 2961 395 3000 rernm
418 2958 481 2999 esse
506 2959 540 3000 oo
627 2945 728 3014 tipse
753 2944 874 3001 tortasse
923 2943 1006 2998 nimis
1042 2957 1168 2998 severam
1209 2939 1403 3010 disciplinam,
1445 2953 1494 3008 qua
1545 2989 1546 2992 ,

297 3020 441 3088 txlitim·
924 3013 1018 3070 omnis
1043 3018 1160 3084 peccata
1191 3011 1320 3083 nequalia
1345 3028 1405 3068 esse
1433 3027 1493 3066 oon·
1545 3019 1546 3022 ’

923 3085 1077 3142 tenderunt
1100 3086 1135 3150 (v.
1154 3085 1209 3153 76),
1239 3083 1373 3154 opposita
1392 3081 1492 3150 'Epicu-

459 3115 462 3118 ‘
493 3127 681 3185 smum·
923 3173 1036 3212 reorum
1055 3151 1493 3224 doctrinatv.99-112)abbu·
1545 3201 1546 3206 ,

332 3223 417 3280 Patet
440 3240 476 3278 ex
500 3227 571 3281 adt
596 3226 701 3296 (saepe)
725 3223 874 3279 Horatium
925 3229 1001 3284 mani
1027 3227 1136 3300 generis
1163 3227 1271 3282 ratione
1295 3229 1327 3282 et
1353 3226 1413 3280 rita
1441 3238 1493 3278 non

298 3311 362 3351 enm
380 3295 450 3352 haee
467 3296 554 3350 satira
569 3295 740 3353 scriberetur
758 3295 789 3349 in
807 3296 874 3350 smi-
923 3300 1015 3354 minus
1050 3299 1169 3354 alienam
1204 3301 1234 3354 et
1270 3303 1410 3354 remotam
1436 3309 1493 3350 esse

297 3367 394 3423 citiam
425 3366 595 3423 Maecenatis
626 3365 713 3422 inisse
745 3365 801 3422 iarn
831 3385 873 3423 re·
923 3387 1006 3440 quam
1031 3371 1132 3426 miram
1161 3368 1239 3424 illam
1268 3368 1430 3425 Stoicorum
1461 3364 1493 3420 de
1545 3361 1546 3374 ³

297 3442 425 3508 ceptum3
453 3438 574 3508 amplius
599 3437 671 3493 nihil
698 3439 807 3507 poterit
839 3437 874 3494 de
921 3443 1048 3512 perfecto
1066 3442 1191 3512 sapiente
1216 3440 1394 3496 seutentiam.
1439 3435 1493 3491 lsrn
1545 3451 1546 3468 ³

296 3513 356 3565 tem
394 3527 425 3565 re
451 3507 602 3578 affirmari,
631 3507 714 3564 modo
742 3512 873 3565 teneatur
922 3528 989 3568 cum
1005 3513 1074 3569 haec
1091 3513 1179 3568 satira
1196 3511 1361 3583 scriptasit
1379 3527 1413 3568 eo
1431 3523 1491 3566 oon·

295 3581 354 3636 hau
390 3581 431 3636 its
448 3596 579 3651 magnum
604 3581 726 3652 spatium
750 3580 873 3637 interce·
922 3584 994 3648 silio,
1021 3601 1057 3639 ne
1083 3586 1173 3640 altera
1200 3583 1230 3638 in
1248 3586 1395 3654 posterum
1413 3596 1493 3650 prere

297 3652 364 3708 dere
389 3651 517 3722 potuisse
541 3654 617 3708 iuter
641 3652 714 3707 lianc
736 3656 766 3706 et
791 3669 873 3724 supe·
921 3655 1137 3727 intelligeretur,
1175 3655 1210 3710 ab
1242 3653 1344 3710 eodem
1377 3651 1493 3722 Tigellio

296 3725 408 3779 riorsm
432 3721 664 3779 Familiaritatsm
680 3723 791 3778 Horatii
808 3740 872 3780 oum
922 3725 1011 3782 Sardo
1039 3729 1121 3798 paulo
1147 3730 1214 3798 ante
1242 3731 1357 3781 mortuo
1387 3723 1494 3780 initium
1545 3771 1546 3774 ,

298 3795 460 3850 Maecenate
485 3800 548 3852 tota
574 3796 661 3850 satira
684 3793 817 3861 declarat,
842 3797 872 3851 in
920 3799 997 3868 cepit
1023 3799 1137 3869 eiusque
1162 3798 1249 3852 miros
1275 3813 1371 3854 mores
1398 3811 1492 3865 porpo-

299 3882 355 3936 qua
371 3865 441 3920 nibil
459 3870 503 3922 est
519 3866 681 3922 timiditatis
706 3872 756 3921 snt
781 3867 871 3922 incer·
920 3873 1053 3939 tuamque
1078 3869 1190 3926 vivendi
1215 3869 1434 3926 inconstantius
1457 3866 1492 3919 le·

297 3943 345 3994 tae
362 3954 424 3993 sese
443 3939 560 4008 gerendi
576 3939 704 3993 rationu.
744 3938 871 3994 Seribsn·
920 3941 985 4012 pide
1009 3941 1171 4012 desempsit,
1200 3943 1234 3994 nt
1260 3941 1296 3997 ab
1326 3939 1383 3995 lroo
1413 3935 1494 3992 semel

296 4007 350 4065 dae
366 4011 463 4064 anum
478 4009 560 4065 liuius
577 4010 682 4066 satirae
705 4025 818 4065 oausam
842 4015 872 4066 et
920 4013 1081 4084 vituperato
1109 4013 1146 4068 ad
1176 4029 1255 4068 susm
1286 4027 1348 4066 ram
1376 4025 1493 4065 commu·

295 4080 470 4136 voluntatem
496 4081 559 4151 ipsa
588 4080 678 4136 altera
707 4081 872 4151 praebuisse
920 4101 1038 4155 nemque
1054 4086 1197 4142 homiuum
1210 4081 1355 4138 invidendi
1370 4080 1494 4150 aliosque

297 4153 419 4218 videtur,
446 4153 549 4223 quippe
567 4169 622 4223 qus
638 4152 785 4224 castigatis
803 4154 872 4208 mul·
919 4155 1070 4212 vellicandi
1091 4155 1323 4212 consuetudinem
1345 4154 1421 4208 riam
1443 4150 1495 4208 sibi

295 4228 390 4280 torum
408 4223 552 4278 bominum
570 4225 803 4294 perversitatibus
814 4241 871 4280 non
917 4228 1051 4283 muniret.
1073 4227 1116 4284 De
1133 4227 1228 4284 iocoso
1246 4227 1323 4283 exitu
1340 4223 1408 4280 vide
1426 4237 1494 4294 quse

296 4310 401 4368 mucor
429 4295 484 4351 sibi
513 4295 689 4351 adversarios
721 4294 872 4352 excitasset
919 4302 985 4353 sunt
1003 4299 1137 4360 adsumta
1153 4299 1190 4354 ad
1212 4297 1297 4354 linem
1315 4296 1428 4368 primae
1455 4309 1495 4350 sa·

296 4372 390 4438 poeta,
416 4366 569 4422 clamantes
595 4383 643 4422 eos
661 4366 774 4436 quidem
792 4368 871 4424 mall·
919 4369 1000 4426 tirse.

297 4450 382 4510 gnum
399 4455 463 4493 eum
480 4455 543 4494 esse
556 4438 698 4493 hominem
715 4438 763 4508 qui
781 4455 818 4494 ne
834 4439 870 4494 ab
955 4440 1024 4498 Η.
1060 4440 1182 4510 musra]
1216 4440 1358 4510 utrimque
1392 4437 1495 4510 pendet

296 4510 801 4652 mare-r
822 4512 871 4638 a
920 4517 950 4568 r
966 4513 1109 4657 atta·
1123 4511 1496 4640 stemma
