<?xml version="1.0" encoding="UTF-8"?>
<!DOCTYPE html PUBLIC "-//W3C//DTD XHTML 1.0 Transitional//EN"
    "http://www.w3.org/TR/xhtml1/DTD/xhtml1-transitional.dtd">
<html xmlns="http://www.w3.org/1999/xhtml" xml:lang="en" lang="en">
 <head>
  <title>
</title>
<meta http-equiv="Content-Type" content="text/html;charset=utf-8" />
  <meta name='ocr-system' content='tesseract 3.04.00' />
  <meta name='ocr-capabilities' content='ocr_page ocr_carea ocr_par ocr_line ocrx_word'/>
</head>
<body>
  <div class='ocr_page' id='page_1' title='image "./qhoratiiflaccio01dillgoog/qhoratiiflaccio01dillgoog_0399.png"; bbox 0 0 3125 5225; ppageno 0'>
   <div class='ocr_carea' id='block_1_1' title="bbox 490 246 1262 342">
    <p class='ocr_par' dir='ltr' id='par_1_1' title="bbox 490 246 1262 342">
     <span class='ocr_line' id='line_1_1' title="bbox 490 246 1262 342; baseline -0.001 -2"><span class='ocrx_word' id='word_1_1' title='bbox 490 270 834 342; x_wconf 52' lang='lat' dir='ltr'><strong>emissum.</strong></span> <span class='ocrx_word' id='word_1_2' title='bbox 1200 246 1262 339; x_wconf 73' lang='lat' dir='ltr'><strong>&#39;ess</strong></span> 
     </span>
    </p>
   </div>
   <div class='ocr_carea' id='block_1_2' title="bbox 71 457 1261 2557">
    <p class='ocr_par' dir='ltr' id='par_1_2' title="bbox 79 457 1212 1057">
     <span class='ocr_line' id='line_1_2' title="bbox 79 457 1212 557; baseline 0 -26"><span class='ocrx_word' id='word_1_3' title='bbox 79 490 103 531; x_wconf 77' lang='lat' dir='ltr'><strong>e</strong></span> <span class='ocrx_word' id='word_1_4' title='bbox 123 458 204 535; x_wconf 92' lang='lat' dir='ltr'><strong>Hoc</strong></span> <span class='ocrx_word' id='word_1_5' title='bbox 227 459 267 534; x_wconf 91' lang='lat' dir='ltr'>in</span> <span class='ocrx_word' id='word_1_6' title='bbox 292 484 356 535; x_wconf 91' lang='lat' dir='ltr'><strong>me</strong></span> <span class='ocrx_word' id='word_1_7' title='bbox 379 459 502 537; x_wconf 82' lang='lat' dir='ltr'><strong>ieeie?</strong></span> <span class='ocrx_word' id='word_1_8' title='bbox 529 471 585 535; x_wconf 89' lang='lat' dir='ltr'><strong>est</strong></span> <span class='ocrx_word' id='word_1_9' title='bbox 610 471 746 535; x_wconf 83' lang='lat' dir='ltr'><strong>auctor</strong></span> <span class='ocrx_word' id='word_1_10' title='bbox 772 458 856 557; x_wconf 90' lang='lat' dir='ltr'><strong>quis</strong></span> <span class='ocrx_word' id='word_1_11' title='bbox 883 457 1052 557; x_wconf 85' lang='lat' dir='ltr'><strong>denique</strong></span> <span class='ocrx_word' id='word_1_12' title='bbox 1078 482 1212 533; x_wconf 90' lang='lat' dir='ltr'><strong>eorum</strong></span> 
     </span>
     <span class='ocr_line' id='line_1_3' title="bbox 124 582 1195 684; baseline 0 -25"><span class='ocrx_word' id='word_1_13' title='bbox 124 586 208 659; x_wconf 86' lang='lat' dir='ltr'>Vixi</span> <span class='ocrx_word' id='word_1_14' title='bbox 232 610 319 659; x_wconf 90' lang='lat' dir='ltr'><strong>cum</strong></span> <span class='ocrx_word' id='word_1_15' title='bbox 343 584 508 684; x_wconf 77' lang='lat' dir='ltr'><strong>quibus?</strong></span> <span class='ocrx_word' id='word_1_16' title='bbox 559 583 771 661; x_wconf 73' lang='lat' dir='ltr'><strong>Absentem</strong></span> <span class='ocrx_word' id='word_1_17' title='bbox 798 584 867 683; x_wconf 90' lang='lat' dir='ltr'>qni</span> <span class='ocrx_word' id='word_1_18' title='bbox 890 583 995 659; x_wconf 82' lang='lat' dir='ltr'><strong>rodit</strong></span> <span class='ocrx_word' id='word_1_19' title='bbox 1019 582 1195 677; x_wconf 86' lang='lat' dir='ltr'><strong>amioum,</strong></span> 
     </span>
     <span class='ocr_line' id='line_1_4' title="bbox 122 705 980 807; baseline 0 -24"><span class='ocrx_word' id='word_1_20' title='bbox 122 705 194 799; x_wconf 81' lang='lat' dir='ltr'><strong>Qui</strong></span> <span class='ocrx_word' id='word_1_21' title='bbox 218 734 296 783; x_wconf 88' lang='lat' dir='ltr'><strong>non</strong></span> <span class='ocrx_word' id='word_1_22' title='bbox 323 707 500 787; x_wconf 77' lang='lat' dir='ltr'><strong>defendit</strong></span> <span class='ocrx_word' id='word_1_23' title='bbox 520 708 598 785; x_wconf 85' lang='lat' dir='ltr'>alio</span> <span class='ocrx_word' id='word_1_24' title='bbox 621 707 813 807; x_wconf 77' lang='lat' dir='ltr'>culpante,</span> <span class='ocrx_word' id='word_1_25' title='bbox 836 708 980 783; x_wconf 84' lang='lat' dir='ltr'><strong>solutos</strong></span> 
     </span>
     <span class='ocr_line' id='line_1_5' title="bbox 122 831 1115 932; baseline 0 -25"><span class='ocrx_word' id='word_1_26' title='bbox 122 831 195 924; x_wconf 81' lang='lat' dir='ltr'><strong>Qui</strong></span> <span class='ocrx_word' id='word_1_27' title='bbox 214 833 464 932; x_wconf 86' lang='lat' dir='ltr'><strong>eaptat1ieus</strong></span> <span class='ocrx_word' id='word_1_28' title='bbox 493 832 692 909; x_wconf 86' lang='lat' dir='ltr'><strong>hominum</strong></span> <span class='ocrx_word' id='word_1_29' title='bbox 715 834 937 931; x_wconf 76' lang='lat' dir='ltr'><strong>famamque</strong></span> <span class='ocrx_word' id='word_1_30' title='bbox 963 831 1115 928; x_wconf 80' lang='lat' dir='ltr'><strong>dicaeis,</strong></span> 
     </span>
     <span class='ocr_line' id='line_1_6' title="bbox 118 944 1128 1057; baseline 0.002 -27"><span class='ocrx_word' id='word_1_31' title='bbox 118 956 280 1055; x_wconf 80' lang='lat' dir='ltr'><strong>Fingere</strong></span> <span class='ocrx_word' id='word_1_32' title='bbox 306 958 374 1057; x_wconf 90' lang='lat' dir='ltr'><strong>qui</strong></span> <span class='ocrx_word' id='word_1_33' title='bbox 396 984 476 1033; x_wconf 92' lang='lat' dir='ltr'><strong>non</strong></span> <span class='ocrx_word' id='word_1_34' title='bbox 501 960 585 1034; x_wconf 84' lang='lat' dir='ltr'><strong>visa</strong></span> <span class='ocrx_word' id='word_1_35' title='bbox 608 969 744 1056; x_wconf 86' lang='lat' dir='ltr'><strong>potest,</strong></span> <span class='ocrx_word' id='word_1_36' title='bbox 761 944 974 1033; x_wconf 74' lang='lat' dir='ltr'><strong>&#39;commissa</strong></span> <span class='ocrx_word' id='word_1_37' title='bbox 1001 969 1128 1033; x_wconf 80' lang='lat' dir='ltr'><strong>tacere</strong></span> 
     </span>
    </p>

    <p class='ocr_par' dir='ltr' id='par_1_3' title="bbox 76 1081 1261 1680">
     <span class='ocr_line' id='line_1_7' title="bbox 76 1081 1261 1181; baseline 0.003 -28"><span class='ocrx_word' id='word_1_38' title='bbox 76 1114 98 1152; x_wconf 75' lang='lat' dir='ltr'><strong>a</strong></span> <span class='ocrx_word' id='word_1_39' title='bbox 122 1082 195 1175; x_wconf 82' lang='lat' dir='ltr'><strong>Qui</strong></span> <span class='ocrx_word' id='word_1_40' title='bbox 219 1082 372 1181; x_wconf 68' lang='lat' dir='ltr'><strong>nequit,</strong></span> <span class='ocrx_word' id='word_1_41' title='bbox 394 1082 459 1158; x_wconf 90' lang='lat' dir='ltr'><strong>hic</strong></span> <span class='ocrx_word' id='word_1_42' title='bbox 483 1082 595 1179; x_wconf 74' lang='lat' dir='ltr'><strong>niger</strong></span> <span class='ocrx_word' id='word_1_43' title='bbox 620 1094 687 1178; x_wconf 86' lang='lat' dir='ltr'><strong>est,</strong></span> <span class='ocrx_word' id='word_1_44' title='bbox 713 1081 817 1157; x_wconf 89' lang='lat' dir='ltr'><strong>hunc</strong></span> <span class='ocrx_word' id='word_1_45' title='bbox 840 1094 892 1178; x_wconf 88' lang='lat' dir='ltr'><strong>tu,</strong></span> <span class='ocrx_word' id='word_1_46' title='bbox 902 1083 1088 1178; x_wconf 85' lang='lat' dir='ltr'><strong>Romane,</strong></span> <span class='ocrx_word' id='word_1_47' title='bbox 1117 1096 1261 1158; x_wconf 86' lang='lat' dir='ltr'><strong>caveto.</strong></span> 
     </span>
     <span class='ocr_line' id='line_1_8' title="bbox 118 1206 1101 1306; baseline 0 -23"><span class='ocrx_word' id='word_1_48' title='bbox 118 1206 236 1306; x_wconf 82' lang='lat' dir='ltr'><strong>Saepe</strong></span> <span class='ocrx_word' id='word_1_49' title='bbox 260 1208 383 1283; x_wconf 86' lang='lat' dir='ltr'><strong>tribus</strong></span> <span class='ocrx_word' id='word_1_50' title='bbox 407 1206 514 1283; x_wconf 87' lang='lat' dir='ltr'><strong>lectis</strong></span> <span class='ocrx_word' id='word_1_51' title='bbox 539 1208 670 1283; x_wconf 72' lang='lat' dir='ltr'><strong>videas</strong></span> <span class='ocrx_word' id='word_1_52' title='bbox 695 1232 858 1283; x_wconf 85' lang='lat' dir='ltr'><strong>coenare</strong></span> <span class='ocrx_word' id='word_1_53' title='bbox 884 1218 1101 1306; x_wconf 86' lang='lat' dir='ltr'><strong>quaternos,</strong></span> 
     </span>
     <span class='ocr_line' id='line_1_9' title="bbox 116 1332 1161 1433; baseline 0.002 -28"><span class='ocrx_word' id='word_1_54' title='bbox 116 1332 309 1432; x_wconf 74' lang='lat' dir='ltr'><strong>liquibus</strong></span> <span class='ocrx_word' id='word_1_55' title='bbox 333 1360 432 1409; x_wconf 89' lang='lat' dir='ltr'><strong>unus</strong></span> <span class='ocrx_word' id='word_1_56' title='bbox 457 1346 562 1409; x_wconf 88' lang='lat' dir='ltr'><strong>amet</strong></span> <span class='ocrx_word' id='word_1_57' title='bbox 587 1334 723 1432; x_wconf 85' lang='lat' dir='ltr'><strong>quavis</strong></span> <span class='ocrx_word' id='word_1_58' title='bbox 746 1332 979 1433; x_wconf 73' lang='lat' dir='ltr'><strong>adspergere</strong></span> <span class='ocrx_word' id='word_1_59' title='bbox 1006 1344 1161 1409; x_wconf 88' lang='lat' dir='ltr'><strong>cunctos</strong></span> 
     </span>
     <span class='ocr_line' id='line_1_10' title="bbox 116 1456 1260 1558; baseline 0.001 -26"><span class='ocrx_word' id='word_1_60' title='bbox 116 1456 1260 1558; x_wconf 81' lang='lat' dir='ltr'><strong>Praetereumquipraobetaquem3posthuncquoquepotus,</strong></span> 
     </span>
     <span class='ocr_line' id='line_1_11' title="bbox 118 1579 1088 1680; baseline 0 -23"><span class='ocrx_word' id='word_1_61' title='bbox 118 1579 284 1657; x_wconf 81' lang='lat' dir='ltr'><strong>Condita</strong></span> <span class='ocrx_word' id='word_1_62' title='bbox 306 1606 393 1657; x_wconf 90' lang='lat' dir='ltr'><strong>cum</strong></span> <span class='ocrx_word' id='word_1_63' title='bbox 415 1606 532 1659; x_wconf 79' lang='lat' dir='ltr'><strong>verax</strong></span> <span class='ocrx_word' id='word_1_64' title='bbox 557 1582 683 1680; x_wconf 86' lang='lat' dir='ltr'><strong>aperit</strong></span> <span class='ocrx_word' id='word_1_65' title='bbox 705 1581 934 1680; x_wconf 85' lang='lat' dir='ltr'><strong>praecordia</strong></span> <span class='ocrx_word' id='word_1_66' title='bbox 959 1582 1088 1658; x_wconf 80' lang='lat' dir='ltr'><strong>Liber.</strong></span> 
     </span>
    </p>

    <p class='ocr_par' dir='ltr' id='par_1_4' title="bbox 75 1702 1177 2057">
     <span class='ocr_line' id='line_1_12' title="bbox 75 1702 1177 1807; baseline -0.003 -27"><span class='ocrx_word' id='word_1_67' title='bbox 75 1734 97 1771; x_wconf 70' lang='lat' dir='ltr'><strong>a</strong></span> <span class='ocrx_word' id='word_1_68' title='bbox 118 1702 189 1781; x_wconf 88' lang='lat' dir='ltr'><strong>Hie</strong></span> <span class='ocrx_word' id='word_1_69' title='bbox 213 1706 287 1781; x_wconf 87' lang='lat' dir='ltr'>tibi</span> <span class='ocrx_word' id='word_1_70' title='bbox 312 1706 433 1781; x_wconf 88' lang='lat' dir='ltr'><strong>comis</strong></span> <span class='ocrx_word' id='word_1_71' title='bbox 458 1718 497 1781; x_wconf 87' lang='lat' dir='ltr'><strong>et</strong></span> <span class='ocrx_word' id='word_1_72' title='bbox 522 1706 692 1783; x_wconf 83' lang='lat' dir='ltr'><strong>urbanus</strong></span> <span class='ocrx_word' id='word_1_73' title='bbox 718 1706 897 1807; x_wconf 90' lang='lat' dir='ltr'><strong>liberque</strong></span> <span class='ocrx_word' id='word_1_74' title='bbox 922 1706 1085 1804; x_wconf 86' lang='lat' dir='ltr'><strong>videtur,</strong></span> <span class='ocrx_word' id='word_1_75' title='bbox 1173 1770 1177 1777; x_wconf 93' lang='lat'>.</span> 
     </span>
     <span class='ocr_line' id='line_1_13' title="bbox 116 1830 993 1933; baseline 0.007 -28"><span class='ocrx_word' id='word_1_76' title='bbox 116 1830 260 1910; x_wconf 88' lang='lat' dir='ltr'><strong>Infesto</strong></span> <span class='ocrx_word' id='word_1_77' title='bbox 281 1833 423 1932; x_wconf 77' lang='lat' dir='ltr'><strong>nigrie3</strong></span> <span class='ocrx_word' id='word_1_78' title='bbox 451 1857 525 1932; x_wconf 82' lang='lat' dir='ltr'><strong>ego</strong></span> <span class='ocrx_word' id='word_1_79' title='bbox 550 1832 584 1908; x_wconf 87' lang='lat' dir='ltr'><strong>si</strong></span> <span class='ocrx_word' id='word_1_80' title='bbox 604 1834 684 1928; x_wconf 82' lang='lat' dir='ltr'><strong>risi,</strong></span> <span class='ocrx_word' id='word_1_81' title='bbox 710 1833 818 1933; x_wconf 86' lang='lat' dir='ltr'>qnod</span> <span class='ocrx_word' id='word_1_82' title='bbox 842 1834 993 1932; x_wconf 88' lang='lat' dir='ltr'><strong>ineptus</strong></span> 
     </span>
     <span class='ocr_line' id='line_1_14' title="bbox 115 1956 1022 2057; baseline 0.003 -27"><span class='ocrx_word' id='word_1_83' title='bbox 115 1956 290 2033; x_wconf 78' lang='lat' dir='ltr'>Pastillos</span> <span class='ocrx_word' id='word_1_84' title='bbox 314 1956 476 2037; x_wconf 83' lang='lat' dir='ltr'><strong>Rufillus</strong></span> <span class='ocrx_word' id='word_1_85' title='bbox 498 1956 587 2046; x_wconf 87' lang='lat' dir='ltr'><strong>olet,</strong></span> <span class='ocrx_word' id='word_1_86' title='bbox 615 1958 835 2057; x_wconf 78' lang='lat' dir='ltr'><strong>Gorgonius</strong></span> <span class='ocrx_word' id='word_1_87' title='bbox 862 1958 1022 2056; x_wconf 89' lang='lat' dir='ltr'><strong>hircum,</strong></span> 
     </span>
    </p>

    <p class='ocr_par' dir='ltr' id='par_1_5' title="bbox 113 2080 1153 2306">
     <span class='ocr_line' id='line_1_15' title="bbox 113 2080 1153 2183; baseline 0.002 -26"><span class='ocrx_word' id='word_1_88' title='bbox 113 2080 270 2158; x_wconf 82' lang='lat' dir='ltr'><strong>Lividus</strong></span> <span class='ocrx_word' id='word_1_89' title='bbox 295 2095 335 2157; x_wconf 89' lang='lat' dir='ltr'><strong>et</strong></span> <span class='ocrx_word' id='word_1_90' title='bbox 355 2080 518 2157; x_wconf 80' lang='lat' dir='ltr'><strong>mordax</strong></span> <span class='ocrx_word' id='word_1_91' title='bbox 537 2082 675 2159; x_wconf 84' lang='lat' dir='ltr'><strong>videor</strong></span> <span class='ocrx_word' id='word_1_92' title='bbox 697 2082 796 2159; x_wconf 76' lang='lat' dir='ltr'>tibi?</span> <span class='ocrx_word' id='word_1_93' title='bbox 846 2084 991 2160; x_wconf 83' lang='lat' dir='ltr'>Montio</span> <span class='ocrx_word' id='word_1_94' title='bbox 1017 2082 1051 2157; x_wconf 91' lang='lat' dir='ltr'><strong>si</strong></span> <span class='ocrx_word' id='word_1_95' title='bbox 1077 2108 1153 2183; x_wconf 90' lang='lat' dir='ltr'><strong>qua</strong></span> 
     </span>
     <span class='ocr_line' id='line_1_16' title="bbox 113 2204 860 2306; baseline 0.007 -27"><span class='ocrx_word' id='word_1_96' title='bbox 113 2204 166 2281; x_wconf 91' lang='lat' dir='ltr'><strong>De</strong></span> <span class='ocrx_word' id='word_1_97' title='bbox 190 2205 405 2306; x_wconf 76' lang='lat' dir='ltr'>Capitolini</span> <span class='ocrx_word' id='word_1_98' title='bbox 429 2207 541 2283; x_wconf 83' lang='lat' dir='ltr'><strong>furtis</strong></span> <span class='ocrx_word' id='word_1_99' title='bbox 567 2207 707 2285; x_wconf 88' lang='lat' dir='ltr'><strong>iniecta</strong></span> <span class='ocrx_word' id='word_1_100' title='bbox 730 2206 860 2284; x_wconf 90' lang='lat' dir='ltr'>Petilli</span> 
     </span>
    </p>

    <p class='ocr_par' dir='ltr' id='par_1_6' title="bbox 71 2330 1097 2429">
     <span class='ocr_line' id='line_1_17' title="bbox 71 2330 1097 2429; baseline 0.007 -30"><span class='ocrx_word' id='word_1_101' title='bbox 71 2359 93 2398; x_wconf 76' lang='lat' dir='ltr'><strong>s</strong></span> <span class='ocrx_word' id='word_1_102' title='bbox 115 2330 166 2405; x_wconf 82' lang='lat' dir='ltr'><strong>&#39;le</strong></span> <span class='ocrx_word' id='word_1_103' title='bbox 187 2356 322 2406; x_wconf 86' lang='lat' dir='ltr'><strong>eoram</strong></span> <span class='ocrx_word' id='word_1_104' title='bbox 346 2331 475 2426; x_wconf 78' lang='lat' dir='ltr'><strong>fuerit,</strong></span> <span class='ocrx_word' id='word_1_105' title='bbox 503 2330 701 2429; x_wconf 85' lang='lat' dir='ltr'><strong>defendes,</strong></span> <span class='ocrx_word' id='word_1_106' title='bbox 730 2344 772 2407; x_wconf 93' lang='lat' dir='ltr'><strong>ut</strong></span> <span class='ocrx_word' id='word_1_107' title='bbox 795 2344 883 2409; x_wconf 88' lang='lat' dir='ltr'><strong>tuus</strong></span> <span class='ocrx_word' id='word_1_108' title='bbox 910 2345 967 2409; x_wconf 88' lang='lat' dir='ltr'><strong>est</strong></span> <span class='ocrx_word' id='word_1_109' title='bbox 991 2358 1097 2407; x_wconf 88' lang='lat' dir='ltr'><strong>mos:</strong></span> 
     </span>
    </p>

    <p class='ocr_par' dir='ltr' id='par_1_7' title="bbox 112 2455 1028 2557">
     <span class='ocr_line' id='line_1_18' title="bbox 112 2455 1028 2557; baseline -0.001 -24"><span class='ocrx_word' id='word_1_110' title='bbox 112 2458 170 2545; x_wconf 83' lang='lat' dir='ltr'><strong>Me</strong></span> <span class='ocrx_word' id='word_1_111' title='bbox 191 2455 438 2555; x_wconf 83' lang='lat' dir='ltr'><strong>Capitolinus</strong></span> <span class='ocrx_word' id='word_1_112' title='bbox 464 2457 683 2531; x_wconf 77' lang='lat' dir='ltr'><strong>convictore</strong></span> <span class='ocrx_word' id='word_1_113' title='bbox 709 2480 799 2532; x_wconf 89' lang='lat' dir='ltr'><strong>usus</strong></span> <span class='ocrx_word' id='word_1_114' title='bbox 825 2458 1028 2557; x_wconf 88' lang='lat' dir='ltr'><strong>amicoque</strong></span> 
     </span>
    </p>
   </div>
   <div class='ocr_carea' id='block_1_3' title="bbox 111 2580 1124 2928">
    <p class='ocr_par' dir='ltr' id='par_1_8' title="bbox 111 2580 1124 2928">
     <span class='ocr_line' id='line_1_19' title="bbox 111 2580 1109 2682; baseline 0.001 -26"><span class='ocrx_word' id='word_1_115' title='bbox 111 2580 145 2656; x_wconf 85' lang='grc' dir='ltr'><strong>Α</strong></span> <span class='ocrx_word' id='word_1_116' title='bbox 167 2606 293 2682; x_wconf 90' lang='lat' dir='ltr'><strong>puero</strong></span> <span class='ocrx_word' id='word_1_117' title='bbox 321 2592 386 2677; x_wconf 87' lang='lat' dir='ltr'><strong>est,</strong></span> <span class='ocrx_word' id='word_1_118' title='bbox 412 2604 602 2680; x_wconf 81' lang='lat' dir='ltr'><strong>causaque</strong></span> <span class='ocrx_word' id='word_1_119' title='bbox 626 2606 712 2656; x_wconf 88' lang='lat' dir='ltr'><strong>mea</strong></span> <span class='ocrx_word' id='word_1_120' title='bbox 736 2580 928 2680; x_wconf 87' lang='lat' dir='ltr'><strong>permulta</strong></span> <span class='ocrx_word' id='word_1_121' title='bbox 952 2592 1109 2682; x_wconf 83' lang='lat' dir='ltr'><strong>rogatus</strong></span> 
     </span>
     <span class='ocr_line' id='line_1_20' title="bbox 111 2703 1124 2805; baseline 0 -24"><span class='ocrx_word' id='word_1_122' title='bbox 111 2707 222 2804; x_wconf 85' lang='lat' dir='ltr'><strong>Fecit,</strong></span> <span class='ocrx_word' id='word_1_123' title='bbox 252 2718 294 2782; x_wconf 90' lang='lat' dir='ltr'><strong>et</strong></span> <span class='ocrx_word' id='word_1_124' title='bbox 318 2704 521 2781; x_wconf 89' lang='lat' dir='ltr'><strong>incolumis</strong></span> <span class='ocrx_word' id='word_1_125' title='bbox 547 2703 671 2782; x_wconf 90' lang='lat' dir='ltr'><strong>laetor</strong></span> <span class='ocrx_word' id='word_1_126' title='bbox 696 2706 802 2805; x_wconf 90' lang='lat' dir='ltr'><strong>quod</strong></span> <span class='ocrx_word' id='word_1_127' title='bbox 828 2707 923 2781; x_wconf 86' lang='lat' dir='ltr'>vivit</span> <span class='ocrx_word' id='word_1_128' title='bbox 946 2707 987 2782; x_wconf 92' lang='lat' dir='ltr'>in</span> <span class='ocrx_word' id='word_1_129' title='bbox 1009 2705 1124 2802; x_wconf 84' lang='lat' dir='ltr'><strong>urbe;</strong></span> 
     </span>
     <span class='ocr_line' id='line_1_21' title="bbox 111 2823 1124 2928; baseline -0.003 -20"><span class='ocrx_word' id='word_1_130' title='bbox 111 2830 183 2908; x_wconf 83' lang='lat' dir='ltr'><strong>Sed</strong></span> <span class='ocrx_word' id='word_1_131' title='bbox 207 2843 341 2905; x_wconf 84' lang='lat' dir='ltr'><strong>tamen</strong></span> <span class='ocrx_word' id='word_1_132' title='bbox 367 2823 550 2925; x_wconf 85' lang='lat' dir='ltr'><strong>admiror,</strong></span> <span class='ocrx_word' id='word_1_133' title='bbox 577 2853 654 2928; x_wconf 86' lang='lat' dir='ltr'><strong>quo</strong></span> <span class='ocrx_word' id='word_1_134' title='bbox 680 2841 792 2926; x_wconf 82' lang='lat' dir='ltr'><strong>pacto</strong></span> <span class='ocrx_word' id='word_1_135' title='bbox 817 2827 1003 2905; x_wconf 87' lang='lat' dir='ltr'><strong>iudicium</strong></span> <span class='ocrx_word' id='word_1_136' title='bbox 1026 2830 1124 2906; x_wconf 86' lang='lat' dir='ltr'>illud</span> 
     </span>
    </p>
   </div>
   <div class='ocr_carea' id='block_1_4' title="bbox 70 2963 1263 3236">
    <p class='ocr_par' dir='ltr' id='par_1_9' title="bbox 70 2963 1263 3236">
     <span class='ocr_line' id='line_1_22' title="bbox 71 2963 1263 3038; baseline 0.002 -16"><span class='ocrx_word' id='word_1_137' title='bbox 71 2967 198 3036; x_wconf 66' lang='lat' dir='ltr'><strong>procum</strong></span> <span class='ocrx_word' id='word_1_138' title='bbox 212 2968 282 3024; x_wconf 84' lang='lat' dir='ltr'><strong>vide</strong></span> <span class='ocrx_word' id='word_1_139' title='bbox 302 2965 341 3021; x_wconf 81' lang='lat' dir='ltr'><strong>ed</strong></span> <span class='ocrx_word' id='word_1_140' title='bbox 355 2965 444 3021; x_wconf 82' lang='lat' dir='ltr'><strong>Germ</strong></span> <span class='ocrx_word' id='word_1_141' title='bbox 450 2963 473 3031; x_wconf 83' lang='lat' dir='ltr'><strong>l,</strong></span> <span class='ocrx_word' id='word_1_142' title='bbox 494 2969 521 3029; x_wconf 74' lang='grc' dir='ltr'><strong>Β,</strong></span> <span class='ocrx_word' id='word_1_143' title='bbox 538 2969 582 3022; x_wconf 80' lang='grc'><strong>36.</strong></span> <span class='ocrx_word' id='word_1_144' title='bbox 602 2996 637 3006; x_wconf 97' lang='grc'>-</span> <span class='ocrx_word' id='word_1_145' title='bbox 685 2965 833 3032; x_wconf 72' lang='lat' dir='ltr'><strong>nuntiauit,</strong></span> <span class='ocrx_word' id='word_1_146' title='bbox 844 2965 1263 3038; x_wconf 80' lang='lat' dir='ltr'><strong>nondeeriteeldepetenti.‹-·</strong></span> 
     </span>
     <span class='ocr_line' id='line_1_23' title="bbox 70 3037 1263 3111; baseline 0.002 -19"><span class='ocrx_word' id='word_1_147' title='bbox 70 3052 148 3111; x_wconf 66' lang='lat' dir='ltr'><strong>captet</strong></span> <span class='ocrx_word' id='word_1_148' title='bbox 164 3040 249 3111; x_wconf 74' lang='lat' dir='ltr'><strong>risse]</strong></span> <span class='ocrx_word' id='word_1_149' title='bbox 267 3038 326 3094; x_wconf 77' lang='lat' dir='ltr'><strong>cio.</strong></span> <span class='ocrx_word' id='word_1_150' title='bbox 335 3037 416 3093; x_wconf 83' lang='lat' dir='ltr'><strong>Tusa.</strong></span> <span class='ocrx_word' id='word_1_151' title='bbox 423 3037 462 3102; x_wconf 84' lang='lat'><strong>11,</strong></span> <span class='ocrx_word' id='word_1_152' title='bbox 473 3040 500 3105; x_wconf 81' lang='lat'><strong>7,</strong></span> <span class='ocrx_word' id='word_1_153' title='bbox 510 3040 552 3094; x_wconf 82' lang='lat'><strong>17.</strong></span> <span class='ocrx_word' id='word_1_154' title='bbox 571 3037 638 3093; x_wconf 81' lang='lat' dir='ltr'><strong>Fre·</strong></span> <span class='ocrx_word' id='word_1_155' title='bbox 690 3040 771 3106; x_wconf 72' lang='lat' dir='ltr'><strong>tone]</strong></span> <span class='ocrx_word' id='word_1_156' title='bbox 790 3041 888 3106; x_wconf 84' lang='lat' dir='ltr'><strong>postea</strong></span> <span class='ocrx_word' id='word_1_157' title='bbox 902 3037 975 3094; x_wconf 88' lang='lat' dir='ltr'><strong>hunc</strong></span> <span class='ocrx_word' id='word_1_158' title='bbox 989 3055 1098 3110; x_wconf 87' lang='lat' dir='ltr'><strong>quoque</strong></span> <span class='ocrx_word' id='word_1_159' title='bbox 1105 3039 1124 3094; x_wconf 91' lang='lat' dir='ltr'>i.</span> <span class='ocrx_word' id='word_1_160' title='bbox 1136 3057 1160 3096; x_wconf 87' lang='lat' dir='ltr'><strong>s.</strong></span> <span class='ocrx_word' id='word_1_161' title='bbox 1169 3040 1263 3110; x_wconf 87' lang='lat' dir='ltr'><strong>ipsum</strong></span> 
     </span>
     <span class='ocr_line' id='line_1_24' title="bbox 72 3108 1263 3236; baseline 0.001 -72"><span class='ocrx_word' id='word_1_162' title='bbox 72 3111 220 3178; x_wconf 68' lang='lat' dir='ltr'><strong>manuum</strong></span> <span class='ocrx_word' id='word_1_163' title='bbox 244 3108 331 3166; x_wconf 75' lang='lat' dir='ltr'><strong>serbi</strong></span> <span class='ocrx_word' id='word_1_164' title='bbox 353 3108 445 3164; x_wconf 78' lang='lat' dir='ltr'><strong>forme</strong></span> <span class='ocrx_word' id='word_1_165' title='bbox 470 3109 595 3166; x_wconf 83' lang='lat' dir='ltr'><strong>studium</strong></span> <span class='ocrx_word' id='word_1_166' title='bbox 611 3111 641 3165; x_wconf 87' lang='lat' dir='ltr'><strong>et</strong></span> <span class='ocrx_word' id='word_1_167' title='bbox 689 3109 908 3164; x_wconf 78' lang='lat' dir='ltr'><strong>convivatorem.</strong></span> <span class='ocrx_word' id='word_1_168' title='bbox 928 3139 961 3149; x_wconf 94' lang='lat'>-</span> <span class='ocrx_word' id='word_1_169' title='bbox 975 3111 1123 3236; x_wconf 52' lang='lat' dir='ltr'><strong>pastillosp</strong></span> <span class='ocrx_word' id='word_1_170' title='bbox 1138 3110 1196 3166; x_wconf 85' lang='lat' dir='ltr'><strong>Set.</strong></span> <span class='ocrx_word' id='word_1_171' title='bbox 1205 3111 1228 3177; x_wconf 87' lang='lat'><strong>1,</strong></span> <span class='ocrx_word' id='word_1_172' title='bbox 1237 3114 1263 3176; x_wconf 80' lang='lat'><strong>2,</strong></span> 
     </span>
    </p>
   </div>
   <div class='ocr_carea' id='block_1_5' title="bbox 71 3179 1265 4683">
    <p class='ocr_par' dir='ltr' id='par_1_10' title="bbox 71 3179 1265 4683">
     <span class='ocr_line' id='line_1_25' title="bbox 73 3179 1263 3266; baseline 0.001 -30"><span class='ocrx_word' id='word_1_173' title='bbox 73 3197 174 3252; x_wconf 74' lang='lat' dir='ltr'><strong>operam</strong></span> <span class='ocrx_word' id='word_1_174' title='bbox 189 3180 317 3240; x_wconf 84' lang='lat' dir='ltr'><strong>hominis</strong></span> <span class='ocrx_word' id='word_1_175' title='bbox 336 3181 469 3236; x_wconf 75' lang='lat' dir='ltr'><strong>ostendit.</strong></span> <span class='ocrx_word' id='word_1_176' title='bbox 489 3210 521 3220; x_wconf 94' lang='lat'>-</span> <span class='ocrx_word' id='word_1_177' title='bbox 548 3181 638 3252; x_wconf 69' lang='lat' dir='ltr'><strong>siper]</strong></span> <span class='ocrx_word' id='word_1_178' title='bbox 690 3183 733 3234; x_wconf 83' lang='lat'><strong>27.</strong></span> <span class='ocrx_word' id='word_1_179' title='bbox 756 3209 785 3220; x_wconf 91' lang='lat'><strong>·-</strong></span> <span class='ocrx_word' id='word_1_180' title='bbox 809 3180 916 3266; x_wconf 60' lang='lat' dir='ltr'><strong>Perilli]</strong></span> <span class='ocrx_word' id='word_1_181' title='bbox 934 3179 1047 3254; x_wconf 74' lang='lat' dir='ltr'>»Fingit</span> <span class='ocrx_word' id='word_1_182' title='bbox 1067 3198 1097 3237; x_wconf 88' lang='lat' dir='ltr'><strong>eo</strong></span> <span class='ocrx_word' id='word_1_183' title='bbox 1125 3182 1263 3252; x_wconf 85' lang='lat' dir='ltr'><strong>equinum</strong></span> 
     </span>
     <span class='ocr_line' id='line_1_26' title="bbox 72 3249 1264 3323; baseline 0.003 -18"><span class='ocrx_word' id='word_1_184' title='bbox 72 3251 346 3323; x_wconf 81' lang='lat' dir='ltr'><strong>0ic.proCeee.10:</strong></span> <span class='ocrx_word' id='word_1_185' title='bbox 368 3249 506 3317; x_wconf 69' lang='lat' dir='ltr'><strong>»Clodius</strong></span> <span class='ocrx_word' id='word_1_186' title='bbox 527 3249 641 3308; x_wconf 86' lang='lat' dir='ltr'><strong>cuino·</strong></span> <span class='ocrx_word' id='word_1_187' title='bbox 690 3250 781 3306; x_wconf 87' lang='lat' dir='ltr'><strong>emico</strong></span> <span class='ocrx_word' id='word_1_188' title='bbox 811 3250 919 3306; x_wconf 85' lang='lat' dir='ltr'><strong>Petillu</strong></span> <span class='ocrx_word' id='word_1_189' title='bbox 945 3252 1103 3322; x_wconf 80' lang='lat' dir='ltr'><strong>Capitolini,</strong></span> <span class='ocrx_word' id='word_1_190' title='bbox 1130 3253 1178 3322; x_wconf 89' lang='lat' dir='ltr'><strong>qui</strong></span> <span class='ocrx_word' id='word_1_191' title='bbox 1201 3271 1264 3309; x_wconf 88' lang='lat' dir='ltr'><strong>oum</strong></span> 
     </span>
     <span class='ocr_line' id='line_1_27' title="bbox 71 3323 1265 3394; baseline 0.003 -18"><span class='ocrx_word' id='word_1_192' title='bbox 71 3340 125 3378; x_wconf 85' lang='lat' dir='ltr'><strong>nen</strong></span> <span class='ocrx_word' id='word_1_193' title='bbox 140 3331 182 3380; x_wconf 85' lang='lat' dir='ltr'><strong>est</strong></span> <span class='ocrx_word' id='word_1_194' title='bbox 196 3324 345 3388; x_wconf 83' lang='lat' dir='ltr'>Phormio,</span> <span class='ocrx_word' id='word_1_195' title='bbox 370 3340 423 3381; x_wconf 86' lang='lat' dir='ltr'><strong>uec</strong></span> <span class='ocrx_word' id='word_1_196' title='bbox 443 3323 535 3380; x_wconf 89' lang='lat' dir='ltr'><strong>minue</strong></span> <span class='ocrx_word' id='word_1_197' title='bbox 557 3323 586 3378; x_wconf 89' lang='lat' dir='ltr'><strong>n&#39;</strong></span> <span class='ocrx_word' id='word_1_198' title='bbox 608 3340 640 3379; x_wconf 83' lang='lat' dir='ltr'><strong>er</strong></span> <span class='ocrx_word' id='word_1_199' title='bbox 689 3327 832 3393; x_wconf 83' lang='lat' dir='ltr'><strong>praeesset</strong></span> <span class='ocrx_word' id='word_1_200' title='bbox 869 3323 1007 3394; x_wconf 82' lang='lat' dir='ltr'>Capitolio</span> <span class='ocrx_word' id='word_1_201' title='bbox 1043 3329 1191 3380; x_wconf 72' lang='lat' dir='ltr'><strong>cocuntur</strong></span> <span class='ocrx_word' id='word_1_202' title='bbox 1220 3326 1265 3380; x_wconf 84' lang='lat' dir='ltr'><strong>est</strong></span> 
     </span>
     <span class='ocr_line' id='line_1_28' title="bbox 72 3341 1264 3465; baseline 0.002 -16"><span class='ocrx_word' id='word_1_203' title='bbox 72 3412 114 3449; x_wconf 88' lang='lat' dir='ltr'><strong>uec</strong></span> <span class='ocrx_word' id='word_1_204' title='bbox 128 3396 217 3452; x_wconf 85' lang='lat' dir='ltr'><strong>minue</strong></span> <span class='ocrx_word' id='word_1_205' title='bbox 234 3393 408 3451; x_wconf 78' lang='lat' dir='ltr'><strong>confidens«</strong></span> <span class='ocrx_word' id='word_1_206' title='bbox 425 3427 452 3436; x_wconf 91' lang='lat'><em>-</em></span> <span class='ocrx_word' id='word_1_207' title='bbox 466 3341 640 3464; x_wconf 46' lang='lat' dir='ltr'><strong>concessio·</strong></span> <span class='ocrx_word' id='word_1_208' title='bbox 690 3394 766 3464; x_wconf 80' lang='lat' dir='ltr'><strong>quod</strong></span> <span class='ocrx_word' id='word_1_209' title='bbox 792 3411 925 3449; x_wconf 84' lang='lat' dir='ltr'><strong>coronam</strong></span> <span class='ocrx_word' id='word_1_210' title='bbox 948 3394 1023 3451; x_wconf 85' lang='lat' dir='ltr'><strong>Iovis</strong></span> <span class='ocrx_word' id='word_1_211' title='bbox 1042 3395 1193 3465; x_wconf 86' lang='lat' dir='ltr'>Capitolini</span> <span class='ocrx_word' id='word_1_212' title='bbox 1217 3412 1264 3451; x_wconf 89' lang='lat' dir='ltr'><strong>re-</strong></span> 
     </span>
     <span class='ocr_line' id='line_1_29' title="bbox 73 3465 1263 3538; baseline 0.001 -16"><span class='ocrx_word' id='word_1_213' title='bbox 73 3470 154 3534; x_wconf 81' lang='lat' dir='ltr'><strong>quitur</strong></span> <span class='ocrx_word' id='word_1_214' title='bbox 163 3473 252 3538; x_wconf 81' lang='lat' dir='ltr'><strong>poete</strong></span> <span class='ocrx_word' id='word_1_215' title='bbox 269 3470 408 3536; x_wconf 74' lang='lat' dir='ltr'><strong>tanqum</strong></span> <span class='ocrx_word' id='word_1_216' title='bbox 427 3465 519 3537; x_wconf 77' lang='lat' dir='ltr'><strong>legem</strong></span> <span class='ocrx_word' id='word_1_217' title='bbox 536 3483 640 3536; x_wconf 82' lang='lat' dir='ltr'><strong>propo-</strong></span> <span class='ocrx_word' id='word_1_218' title='bbox 689 3465 811 3536; x_wconf 81' lang='lat' dir='ltr'><strong>poiesot3</strong></span> <span class='ocrx_word' id='word_1_219' title='bbox 847 3482 933 3535; x_wconf 86' lang='lat' dir='ltr'><strong>quere</strong></span> <span class='ocrx_word' id='word_1_220' title='bbox 959 3467 1021 3536; x_wconf 89' lang='lat' dir='ltr'><strong>ipse</strong></span> <span class='ocrx_word' id='word_1_221' title='bbox 1039 3468 1167 3523; x_wconf 86' lang='lat' dir='ltr'><strong>subletee</strong></span> <span class='ocrx_word' id='word_1_222' title='bbox 1185 3483 1263 3522; x_wconf 85' lang='lat' dir='ltr'><strong>eoro-</strong></span> 
     </span>
     <span class='ocr_line' id='line_1_30' title="bbox 72 3537 1265 3611; baseline -0.002 -17"><span class='ocrx_word' id='word_1_223' title='bbox 72 3541 350 3611; x_wconf 74' lang='lat' dir='ltr'><strong>nens-quaternos]</strong></span> <span class='ocrx_word' id='word_1_224' title='bbox 369 3555 494 3594; x_wconf 83' lang='lat' dir='ltr'><strong>summes</strong></span> <span class='ocrx_word' id='word_1_225' title='bbox 507 3555 639 3594; x_wconf 84' lang='lat' dir='ltr'><strong>numerus</strong></span> <span class='ocrx_word' id='word_1_226' title='bbox 687 3553 741 3592; x_wconf 88' lang='lat' dir='ltr'><strong>nee</strong></span> <span class='ocrx_word' id='word_1_227' title='bbox 764 3553 879 3592; x_wconf 70' lang='lat' dir='ltr'><strong>causan</strong></span> <span class='ocrx_word' id='word_1_228' title='bbox 906 3537 979 3593; x_wconf 84' lang='lat' dir='ltr'>dixit</span> <span class='ocrx_word' id='word_1_229' title='bbox 1005 3542 1035 3593; x_wconf 87' lang='lat' dir='ltr'><strong>et</strong></span> <span class='ocrx_word' id='word_1_230' title='bbox 1058 3539 1201 3594; x_wconf 84' lang='lat' dir='ltr'><strong>absolutus</strong></span> <span class='ocrx_word' id='word_1_231' title='bbox 1220 3541 1265 3594; x_wconf 88' lang='lat' dir='ltr'><strong>est</strong></span> 
     </span>
     <span class='ocr_line' id='line_1_31' title="bbox 71 3607 1263 3680; baseline 0.005 -19"><span class='ocrx_word' id='word_1_232' title='bbox 71 3609 263 3680; x_wconf 78' lang='lat' dir='ltr'><strong>elegantiorem</strong></span> <span class='ocrx_word' id='word_1_233' title='bbox 281 3609 437 3668; x_wconf 81' lang='lat' dir='ltr'><strong>homiuum</strong></span> <span class='ocrx_word' id='word_1_234' title='bbox 451 3609 579 3679; x_wconf 71' lang='lat' dir='ltr'><strong>-omd</strong></span> <span class='ocrx_word' id='word_1_235' title='bbox 593 3609 640 3666; x_wconf 80' lang='lat' dir='ltr'><strong>Sic</strong></span> <span class='ocrx_word' id='word_1_236' title='bbox 689 3625 707 3663; x_wconf 84' lang='lat' dir='ltr'><strong>e</strong></span> <span class='ocrx_word' id='word_1_237' title='bbox 741 3607 878 3664; x_wconf 85' lang='lat' dir='ltr'><strong>iudicibus</strong></span> <span class='ocrx_word' id='word_1_238' title='bbox 914 3608 945 3664; x_wconf 87' lang='lat' dir='ltr'>in</span> <span class='ocrx_word' id='word_1_239' title='bbox 977 3608 1099 3679; x_wconf 77' lang='lat' dir='ltr'><strong>gretiam</strong></span> <span class='ocrx_word' id='word_1_240' title='bbox 1136 3611 1263 3666; x_wconf 78' lang='lat' dir='ltr'><strong>Gesseris</strong></span> 
     </span>
     <span class='ocr_line' id='line_1_32' title="bbox 72 3677 1264 3744; baseline 0.003 -10"><span class='ocrx_word' id='word_1_241' title='bbox 72 3681 236 3738; x_wconf 64' lang='lat' dir='ltr'><strong>mundum</strong></span> <span class='ocrx_word' id='word_1_242' title='bbox 255 3686 303 3738; x_wconf 87' lang='lat' dir='ltr'><strong>est</strong></span> <span class='ocrx_word' id='word_1_243' title='bbox 319 3682 404 3736; x_wconf 87' lang='lat' dir='ltr'><strong>etiem</strong></span> <span class='ocrx_word' id='word_1_244' title='bbox 422 3698 487 3738; x_wconf 87' lang='lat' dir='ltr'><strong>eum</strong></span> <span class='ocrx_word' id='word_1_245' title='bbox 503 3697 562 3736; x_wconf 89' lang='lat' dir='ltr'><strong>uno</strong></span> <span class='ocrx_word' id='word_1_246' title='bbox 576 3681 638 3736; x_wconf 74' lang='lat' dir='ltr'><strong>cort</strong></span> <span class='ocrx_word' id='word_1_247' title='bbox 689 3679 843 3744; x_wconf 76' lang='lat' dir='ltr'><strong>Octaviani,</strong></span> <span class='ocrx_word' id='word_1_248' title='bbox 856 3677 1146 3738; x_wconf 81' lang='lat' dir='ltr'><strong>eninsemieuseret.‹</strong></span> <span class='ocrx_word' id='word_1_249' title='bbox 1158 3683 1264 3738; x_wconf 80' lang='lat' dir='ltr'><strong>comm.</strong></span> 
     </span>
     <span class='ocr_line' id='line_1_33' title="bbox 73 3749 1264 3822; baseline 0.004 -18"><span class='ocrx_word' id='word_1_250' title='bbox 73 3749 172 3822; x_wconf 76' lang='lat' dir='ltr'><strong>Blentl3</strong></span> <span class='ocrx_word' id='word_1_251' title='bbox 190 3755 318 3810; x_wconf 80' lang='lat' dir='ltr'><strong>alterum</strong></span> <span class='ocrx_word' id='word_1_252' title='bbox 327 3753 467 3808; x_wconf 79' lang='lat' dir='ltr'><strong>eoetuihil</strong></span> <span class='ocrx_word' id='word_1_253' title='bbox 483 3752 639 3808; x_wconf 84' lang='lat' dir='ltr'><strong>hebetuisi</strong></span> <span class='ocrx_word' id='word_1_254' title='bbox 689 3749 1034 3822; x_wconf 79' lang='lat' dir='ltr'><strong>emq.Sat.1‚1o‚2e.</strong></span> <span class='ocrx_word' id='word_1_255' title='bbox 1078 3751 1160 3809; x_wconf 83' lang='lat' dir='ltr'>Nihil</span> <span class='ocrx_word' id='word_1_256' title='bbox 1186 3753 1264 3809; x_wconf 86' lang='lat' dir='ltr'><strong>eliud</strong></span> 
     </span>
     <span class='ocr_line' id='line_1_34' title="bbox 71 3821 1265 3895; baseline 0.006 -20"><span class='ocrx_word' id='word_1_257' title='bbox 71 3825 229 3882; x_wconf 65' lang='lat' dir='ltr'><strong>rotunmtem</strong></span> <span class='ocrx_word' id='word_1_258' title='bbox 247 3841 285 3880; x_wconf 84' lang='lat' dir='ltr'><strong>ee</strong></span> <span class='ocrx_word' id='word_1_259' title='bbox 302 3823 635 3895; x_wconf 75' lang='lat' dir='ltr'><strong>studiumedspergendi,</strong></span> <span class='ocrx_word' id='word_1_260' title='bbox 688 3821 802 3878; x_wconf 79' lang='lat' dir='ltr'><strong>videtur</strong></span> <span class='ocrx_word' id='word_1_261' title='bbox 819 3827 928 3878; x_wconf 87' lang='lat' dir='ltr'><strong>eertum</strong></span> <span class='ocrx_word' id='word_1_262' title='bbox 945 3840 1006 3878; x_wconf 89' lang='lat' dir='ltr'><strong>esee</strong></span> <span class='ocrx_word' id='word_1_263' title='bbox 1023 3822 1078 3878; x_wconf 88' lang='lat' dir='ltr'>nisi</span> <span class='ocrx_word' id='word_1_264' title='bbox 1097 3824 1159 3890; x_wconf 82' lang='lat' dir='ltr'>hoo,</span> <span class='ocrx_word' id='word_1_265' title='bbox 1177 3825 1265 3882; x_wconf 81' lang='lat' dir='ltr'><strong>luisse</strong></span> 
     </span>
     <span class='ocr_line' id='line_1_35' title="bbox 72 3893 1263 3966; baseline 0.002 -16"><span class='ocrx_word' id='word_1_266' title='bbox 72 3911 124 3950; x_wconf 84' lang='lat' dir='ltr'><strong>con</strong></span> <span class='ocrx_word' id='word_1_267' title='bbox 143 3903 238 3952; x_wconf 77' lang='lat' dir='ltr'><strong>temm</strong></span> <span class='ocrx_word' id='word_1_268' title='bbox 263 3896 408 3952; x_wconf 74' lang='lat' dir='ltr'><strong>mutantia</strong></span> <span class='ocrx_word' id='word_1_269' title='bbox 430 3895 557 3966; x_wconf 70' lang='lat' dir='ltr'><strong>requirat</strong></span> <span class='ocrx_word' id='word_1_270' title='bbox 573 3913 638 3952; x_wconf 86' lang='lat' dir='ltr'><strong>cou-</strong></span> <span class='ocrx_word' id='word_1_271' title='bbox 687 3897 749 3948; x_wconf 83' lang='lat' dir='ltr'><strong>tem</strong></span> <span class='ocrx_word' id='word_1_272' title='bbox 766 3893 909 3950; x_wconf 87' lang='lat' dir='ltr'><strong>Petillium</strong></span> <span class='ocrx_word' id='word_1_273' title='bbox 927 3894 1049 3964; x_wconf 78' lang='lat' dir='ltr'><strong>aliquem</strong></span> <span class='ocrx_word' id='word_1_274' title='bbox 1065 3893 1263 3966; x_wconf 80' lang='lat' dir='ltr'><strong>Capitolinum,</strong></span> 
     </span>
     <span class='ocr_line' id='line_1_36' title="bbox 71 3964 1264 4039; baseline 0.001 -18"><span class='ocrx_word' id='word_1_275' title='bbox 71 3969 242 4024; x_wconf 69' lang='lat' dir='ltr'><strong>suetudinem</strong></span> <span class='ocrx_word' id='word_1_276' title='bbox 253 3997 289 4008; x_wconf 85' lang='lat'><strong>-</strong></span> <span class='ocrx_word' id='word_1_277' title='bbox 299 3973 410 4038; x_wconf 66' lang='lat' dir='ltr'><strong>pectet</strong></span> <span class='ocrx_word' id='word_1_278' title='bbox 430 3967 539 4039; x_wconf 64' lang='lat' dir='ltr'><strong>mose]</strong></span> <span class='ocrx_word' id='word_1_279' title='bbox 557 3983 638 4037; x_wconf 86' lang='lat' dir='ltr'><strong>pree-</strong></span> <span class='ocrx_word' id='word_1_280' title='bbox 688 3965 746 4035; x_wconf 89' lang='lat' dir='ltr'><strong>qui,</strong></span> <span class='ocrx_word' id='word_1_281' title='bbox 763 3964 911 4035; x_wconf 73' lang='lat' dir='ltr'><strong>peculatus</strong></span> <span class='ocrx_word' id='word_1_282' title='bbox 927 3969 1083 4031; x_wconf 83' lang='lat' dir='ltr'><strong>eoousetue,</strong></span> <span class='ocrx_word' id='word_1_283' title='bbox 1100 3967 1129 4022; x_wconf 88' lang='lat' dir='ltr'>in</span> <span class='ocrx_word' id='word_1_284' title='bbox 1139 3969 1264 4024; x_wconf 77' lang='lat' dir='ltr'><strong>favorem</strong></span> 
     </span>
     <span class='ocr_line' id='line_1_37' title="bbox 72 4036 1263 4109; baseline 0.004 -18"><span class='ocrx_word' id='word_1_285' title='bbox 72 4040 108 4091; x_wconf 78' lang='lat' dir='ltr'><strong>ter</strong></span> <span class='ocrx_word' id='word_1_286' title='bbox 130 4041 356 4109; x_wconf 68' lang='lat' dir='ltr'><strong>conuentorum,</strong></span> <span class='ocrx_word' id='word_1_287' title='bbox 384 4037 507 4094; x_wconf 85' lang='lat' dir='ltr'><strong>elocutio</strong></span> <span class='ocrx_word' id='word_1_288' title='bbox 530 4054 639 4094; x_wconf 71' lang='lat' dir='ltr'><strong>weom-</strong></span> <span class='ocrx_word' id='word_1_289' title='bbox 687 4036 812 4108; x_wconf 77' lang='lat' dir='ltr'><strong>Augusti</strong></span> <span class='ocrx_word' id='word_1_290' title='bbox 830 4037 866 4092; x_wconf 83' lang='lat' dir='ltr'><strong>eb</strong></span> <span class='ocrx_word' id='word_1_291' title='bbox 888 4036 1027 4094; x_wconf 86' lang='lat' dir='ltr'><strong>iudicibus</strong></span> <span class='ocrx_word' id='word_1_292' title='bbox 1049 4038 1184 4095; x_wconf 79' lang='lat' dir='ltr'><strong>liberatus</strong></span> <span class='ocrx_word' id='word_1_293' title='bbox 1209 4043 1263 4096; x_wconf 84' lang='lat' dir='ltr'><strong>est.</strong></span> 
     </span>
     <span class='ocr_line' id='line_1_38' title="bbox 73 4107 1264 4182; baseline -0.002 -16"><span class='ocrx_word' id='word_1_294' title='bbox 73 4111 171 4166; x_wconf 75' lang='lat' dir='ltr'><strong>uotsu</strong></span> <span class='ocrx_word' id='word_1_295' title='bbox 188 4111 225 4182; x_wconf 73' lang='lat' dir='ltr'><strong>ed</strong></span> <span class='ocrx_word' id='word_1_296' title='bbox 245 4109 329 4166; x_wconf 85' lang='lat' dir='ltr'><strong>verb.</strong></span> <span class='ocrx_word' id='word_1_297' title='bbox 338 4113 435 4181; x_wconf 75' lang='lat' dir='ltr'><strong>edspcr</strong></span> <span class='ocrx_word' id='word_1_298' title='bbox 454 4131 508 4175; x_wconf 78' lang='lat' dir='ltr'><strong>m,</strong></span> <span class='ocrx_word' id='word_1_299' title='bbox 524 4109 569 4166; x_wconf 86' lang='lat' dir='ltr'><strong>ie</strong></span> <span class='ocrx_word' id='word_1_300' title='bbox 588 4111 640 4166; x_wconf 87' lang='lat' dir='ltr'><strong>eel-</strong></span> <span class='ocrx_word' id='word_1_301' title='bbox 687 4108 759 4164; x_wconf 82' lang='lat' dir='ltr'><strong>Nem</strong></span> <span class='ocrx_word' id='word_1_302' title='bbox 776 4107 863 4164; x_wconf 79' lang='lat' dir='ltr'><strong>fuisse</strong></span> <span class='ocrx_word' id='word_1_303' title='bbox 880 4113 991 4178; x_wconf 81' lang='lat' dir='ltr'><strong>gentem</strong></span> <span class='ocrx_word' id='word_1_304' title='bbox 1007 4108 1148 4165; x_wconf 76' lang='lat' dir='ltr'><strong>Petilliam</strong></span> <span class='ocrx_word' id='word_1_305' title='bbox 1168 4114 1197 4165; x_wconf 88' lang='lat' dir='ltr'><strong>et</strong></span> <span class='ocrx_word' id='word_1_306' title='bbox 1211 4111 1264 4164; x_wconf 89' lang='lat' dir='ltr'><strong>Pe-</strong></span> 
     </span>
     <span class='ocr_line' id='line_1_39' title="bbox 72 4179 1264 4253; baseline 0.003 -20"><span class='ocrx_word' id='word_1_307' title='bbox 72 4180 103 4233; x_wconf 67' lang='lat' dir='ltr'><strong>es</strong></span> <span class='ocrx_word' id='word_1_308' title='bbox 117 4183 195 4238; x_wconf 79' lang='lat' dir='ltr'><strong>dictis</strong></span> <span class='ocrx_word' id='word_1_309' title='bbox 212 4199 337 4253; x_wconf 71' lang='lat' dir='ltr'><strong>corpere</strong></span> <span class='ocrx_word' id='word_1_310' title='bbox 354 4184 385 4236; x_wconf 88' lang='lat' dir='ltr'><strong>et</strong></span> <span class='ocrx_word' id='word_1_311' title='bbox 401 4197 421 4237; x_wconf 77' lang='lat' dir='ltr'>v</span> <span class='ocrx_word' id='word_1_312' title='bbox 446 4181 541 4236; x_wconf 69' lang='lat' dir='ltr'><strong>trare.</strong></span> <span class='ocrx_word' id='word_1_313' title='bbox 577 4181 637 4237; x_wconf 90' lang='lat' dir='ltr'><strong>Ste-</strong></span> <span class='ocrx_word' id='word_1_314' title='bbox 687 4179 775 4234; x_wconf 86' lang='lat' dir='ltr'>tillios</span> <span class='ocrx_word' id='word_1_315' title='bbox 796 4179 969 4249; x_wconf 81' lang='lat' dir='ltr'><strong>Capitolinos</strong></span> <span class='ocrx_word' id='word_1_316' title='bbox 988 4182 1140 4236; x_wconf 79' lang='lat' dir='ltr'><strong>ostendunt</strong></span> <span class='ocrx_word' id='word_1_317' title='bbox 1156 4181 1264 4236; x_wconf 90' lang='lat' dir='ltr'><strong>nummi</strong></span> 
     </span>
     <span class='ocr_line' id='line_1_40' title="bbox 72 4250 1263 4323; baseline 0.002 -18"><span class='ocrx_word' id='word_1_318' title='bbox 72 4250 639 4322; x_wconf 79' lang='lat' dir='ltr'><strong>tiusbinitioeouviviiepponebentcon·</strong></span> <span class='ocrx_word' id='word_1_319' title='bbox 687 4250 805 4321; x_wconf 78' lang='lat' dir='ltr'><strong>antiqui.</strong></span> <span class='ocrx_word' id='word_1_320' title='bbox 857 4250 917 4306; x_wconf 84' lang='lat' dir='ltr'>Iovi</span> <span class='ocrx_word' id='word_1_321' title='bbox 944 4267 1078 4306; x_wconf 73' lang='lat' dir='ltr'><strong>wionem</strong></span> <span class='ocrx_word' id='word_1_322' title='bbox 1107 4252 1143 4308; x_wconf 85' lang='lat' dir='ltr'><strong>da</strong></span> <span class='ocrx_word' id='word_1_323' title='bbox 1169 4253 1263 4323; x_wconf 83' lang='lat' dir='ltr'><strong>eapite</strong></span> 
     </span>
     <span class='ocr_line' id='line_1_41' title="bbox 73 4321 1263 4396; baseline -0.002 -16"><span class='ocrx_word' id='word_1_324' title='bbox 73 4322 237 4396; x_wconf 72' lang='lat' dir='ltr'><strong>viviseqm</strong></span> <span class='ocrx_word' id='word_1_325' title='bbox 248 4329 281 4381; x_wconf 88' lang='lat' dir='ltr'><strong>et</strong></span> <span class='ocrx_word' id='word_1_326' title='bbox 288 4323 417 4394; x_wconf 75' lang='lat' dir='ltr'><strong>gelidam</strong></span> <span class='ocrx_word' id='word_1_327' title='bbox 426 4327 456 4378; x_wconf 90' lang='lat' dir='ltr'><strong>et</strong></span> <span class='ocrx_word' id='word_1_328' title='bbox 465 4323 637 4392; x_wconf 80' lang='lat' dir='ltr'><strong>eelidem‚ed</strong></span> <span class='ocrx_word' id='word_1_329' title='bbox 687 4321 861 4391; x_wconf 68' lang='lat' dir='ltr'><strong>subripuisse</strong></span> <span class='ocrx_word' id='word_1_330' title='bbox 891 4335 927 4378; x_wconf 84' lang='lat' dir='ltr'><strong>ox</strong></span> <span class='ocrx_word' id='word_1_331' title='bbox 954 4323 1105 4392; x_wconf 81' lang='lat' dir='ltr'><strong>proverbio</strong></span> <span class='ocrx_word' id='word_1_332' title='bbox 1142 4329 1194 4390; x_wconf 85' lang='lat' dir='ltr'><strong>est,</strong></span> <span class='ocrx_word' id='word_1_333' title='bbox 1229 4328 1263 4378; x_wconf 89' lang='lat' dir='ltr'><strong>nt</strong></span> 
     </span>
     <span class='ocr_line' id='line_1_42' title="bbox 72 4392 1261 4465; baseline -0.001 -16"><span class='ocrx_word' id='word_1_334' title='bbox 72 4393 210 4451; x_wconf 70' lang='lat' dir='ltr'><strong>litandum</strong></span> <span class='ocrx_word' id='word_1_335' title='bbox 226 4402 258 4452; x_wconf 86' lang='lat' dir='ltr'><strong>et</strong></span> <span class='ocrx_word' id='word_1_336' title='bbox 275 4396 315 4452; x_wconf 87' lang='lat' dir='ltr'><strong>ed</strong></span> <span class='ocrx_word' id='word_1_337' title='bbox 331 4395 506 4450; x_wconf 83' lang='lat' dir='ltr'><strong>miscendum</strong></span> <span class='ocrx_word' id='word_1_338' title='bbox 532 4397 636 4452; x_wconf 78' lang='lat' dir='ltr'>vinnm</span> <span class='ocrx_word' id='word_1_339' title='bbox 688 4393 792 4450; x_wconf 85' lang='lat' dir='ltr'><strong>docent</strong></span> <span class='ocrx_word' id='word_1_340' title='bbox 809 4392 867 4450; x_wconf 87' lang='lat' dir='ltr'>loci</span> <span class='ocrx_word' id='word_1_341' title='bbox 883 4394 958 4465; x_wconf 86' lang='lat' dir='ltr'><strong>epud</strong></span> <span class='ocrx_word' id='word_1_342' title='bbox 970 4393 1062 4450; x_wconf 81' lang='lat' dir='ltr'><strong>Pleut.</strong></span> <span class='ocrx_word' id='word_1_343' title='bbox 1070 4394 1209 4463; x_wconf 65' lang='lat' dir='ltr'><strong>Trium,</strong></span> <span class='ocrx_word' id='word_1_344' title='bbox 1216 4398 1261 4450; x_wconf 82' lang='lat'><strong>46.</strong></span> 
     </span>
     <span class='ocr_line' id='line_1_43' title="bbox 71 4463 1259 4538; baseline 0.003 -20"><span class='ocrx_word' id='word_1_345' title='bbox 71 4465 515 4534; x_wconf 52' lang='lat' dir='ltr'><strong>manutenementum:</strong></span> <span class='ocrx_word' id='word_1_346' title='bbox 528 4466 636 4535; x_wconf 72' lang='lat' dir='ltr'><strong>»Quen</strong></span> <span class='ocrx_word' id='word_1_347' title='bbox 686 4464 860 4522; x_wconf 82' lang='lat' dir='ltr'><strong>Menaechm.</strong></span> <span class='ocrx_word' id='word_1_348' title='bbox 878 4463 912 4532; x_wconf 90' lang='lat' dir='ltr'><strong>V,</strong></span> <span class='ocrx_word' id='word_1_349' title='bbox 931 4467 957 4531; x_wconf 79' lang='grc' dir='ltr'><strong>ὅ,</strong></span> <span class='ocrx_word' id='word_1_350' title='bbox 977 4469 1019 4524; x_wconf 81' lang='grc'><strong>38.</strong></span> <span class='ocrx_word' id='word_1_351' title='bbox 1046 4497 1081 4508; x_wconf 89' lang='grc'>-</span> <span class='ocrx_word' id='word_1_352' title='bbox 1110 4472 1259 4538; x_wconf 61' lang='grc' dir='ltr'><strong>σκίασμα]</strong></span> 
     </span>
     <span class='ocr_line' id='line_1_44' title="bbox 72 4534 1260 4609; baseline 0.001 -19"><span class='ocrx_word' id='word_1_353' title='bbox 72 4534 230 4596; x_wconf 68' lang='lat' dir='ltr'><strong>moecatus</strong></span> <span class='ocrx_word' id='word_1_354' title='bbox 242 4539 330 4595; x_wconf 72' lang='lat' dir='ltr'><strong>adest</strong></span> <span class='ocrx_word' id='word_1_355' title='bbox 346 4536 457 4594; x_wconf 70' lang='lat' dir='ltr'><strong>mlidee</strong></span> <span class='ocrx_word' id='word_1_356' title='bbox 473 4538 637 4609; x_wconf 42' lang='lat' dir='ltr'><strong>&amp;deeque</strong></span> <span class='ocrx_word' id='word_1_357' title='bbox 686 4535 792 4594; x_wconf 81' lang='lat' dir='ltr'><strong>Versus</strong></span> <span class='ocrx_word' id='word_1_358' title='bbox 811 4536 998 4608; x_wconf 59' lang='lat' dir='ltr'><strong>hypernete,</strong></span> <span class='ocrx_word' id='word_1_359' title='bbox 1016 4535 1260 4608; x_wconf 65' lang='lat' dir='ltr'><strong>accettemo.</strong></span> 
     </span>
     <span class='ocr_line' id='line_1_45' title="bbox 72 4607 1262 4683; baseline 0.001 -18"><span class='ocrx_word' id='word_1_360' title='bbox 72 4609 223 4668; x_wconf 70' lang='lat' dir='ltr'><strong>mesura«</strong></span> <span class='ocrx_word' id='word_1_361' title='bbox 239 4607 638 4682; x_wconf 60' lang='lat' dir='ltr'><strong>Mututnvnoonegto»</strong></span> <span class='ocrx_word' id='word_1_362' title='bbox 687 4609 865 4682; x_wconf 66' lang='lat' dir='ltr'><strong>—lots&#39;ps&#39;es&#39;sJ</strong></span> <span class='ocrx_word' id='word_1_363' title='bbox 878 4609 980 4665; x_wconf 82' lang='lat' dir='ltr'><strong>Oomm.</strong></span> <span class='ocrx_word' id='word_1_364' title='bbox 990 4608 1072 4680; x_wconf 81' lang='lat' dir='ltr'><strong>Oruq.</strong></span> <span class='ocrx_word' id='word_1_365' title='bbox 1089 4608 1204 4683; x_wconf 71' lang='lat' dir='ltr'><strong>‚teugo</strong></span> <span class='ocrx_word' id='word_1_366' title='bbox 1214 4625 1262 4682; x_wconf 76' lang='lat' dir='ltr'><strong>ge·</strong></span> 
     </span>
    </p>
   </div>
   <div class='ocr_carea' id='block_1_6' title="bbox 0 0 1569 5225">
    <p class='ocr_par' dir='ltr' id='par_1_11' title="bbox 0 0 1569 5225">
     <span class='ocr_line' id='line_1_46' title="bbox 0 0 1569 5225; baseline 0 0"><span class='ocrx_word' id='word_1_367' title='bbox 0 0 1569 5225; x_wconf 95' lang='lat' dir='ltr'><strong> </strong></span> 
     </span>
    </p>
   </div>
  </div>
 </body>
</html>
