<?xml version="1.0" encoding="UTF-8"?>
<!DOCTYPE html PUBLIC "-//W3C//DTD XHTML 1.0 Transitional//EN"
    "http://www.w3.org/TR/xhtml1/DTD/xhtml1-transitional.dtd">
<html xmlns="http://www.w3.org/1999/xhtml" xml:lang="en" lang="en">
 <head>
  <title>
</title>
<meta http-equiv="Content-Type" content="text/html;charset=utf-8" />
  <meta name='ocr-system' content='tesseract 3.04.00' />
  <meta name='ocr-capabilities' content='ocr_page ocr_carea ocr_par ocr_line ocrx_word'/>
</head>
<body>
  <div class='ocr_page' id='page_1' title='image "./qhoratiiflaccio01dillgoog/qhoratiiflaccio01dillgoog_0180.png"; bbox 0 0 3125 5225; ppageno 0'>
   <div class='ocr_carea' id='block_1_1' title="bbox 786 255 1036 326">
    <p class='ocr_par' dir='ltr' id='par_1_1' title="bbox 786 255 1036 326">
     <span class='ocr_line' id='line_1_1' title="bbox 786 255 1036 326; baseline 0.004 -1"><span class='ocrx_word' id='word_1_1' title='bbox 786 255 1036 326; x_wconf 76' lang='lat' dir='ltr'><strong>CARMINUM</strong></span> 
     </span>
    </p>
   </div>
   <div class='ocr_carea' id='block_1_2' title="bbox 403 446 1277 1292">
    <p class='ocr_par' dir='ltr' id='par_1_2' title="bbox 403 446 1277 1292">
     <span class='ocr_line' id='line_1_2' title="bbox 503 446 1241 540; baseline 0 -18"><span class='ocrx_word' id='word_1_2' title='bbox 503 447 651 523; x_wconf 80' lang='lat' dir='ltr'><strong>Multa?</strong></span> <span class='ocrx_word' id='word_1_3' title='bbox 703 447 807 540; x_wconf 79' lang='lat' dir='ltr'><strong>Quid</strong></span> <span class='ocrx_word' id='word_1_4' title='bbox 828 459 947 524; x_wconf 85' lang='lat' dir='ltr'><strong>terras</strong></span> <span class='ocrx_word' id='word_1_5' title='bbox 973 446 1049 522; x_wconf 87' lang='lat' dir='ltr'><strong>alio</strong></span> <span class='ocrx_word' id='word_1_6' title='bbox 1077 447 1241 524; x_wconf 83' lang='lat' dir='ltr'><strong>calentes</strong></span> 
     </span>
     <span class='ocr_line' id='line_1_3' title="bbox 499 569 1274 670; baseline -0.001 -23"><span class='ocrx_word' id='word_1_7' title='bbox 499 571 589 647; x_wconf 85' lang='lat' dir='ltr'><strong>Sole</strong></span> <span class='ocrx_word' id='word_1_8' title='bbox 614 573 831 646; x_wconf 75' lang='lat' dir='ltr'><strong>mutemus?</strong></span> <span class='ocrx_word' id='word_1_9' title='bbox 878 570 1030 646; x_wconf 75' lang='lat' dir='ltr'><strong>Patriae</strong></span> <span class='ocrx_word' id='word_1_10' title='bbox 1056 571 1148 670; x_wconf 71' lang='lat' dir='ltr'><strong>quis,</strong></span> <span class='ocrx_word' id='word_1_11' title='bbox 1168 569 1274 648; x_wconf 72' lang='lat' dir='ltr'><strong>exsul</strong></span> 
     </span>
     <span class='ocr_line' id='line_1_4' title="bbox 458 693 985 794; baseline -0.006 -21"><span class='ocrx_word' id='word_1_12' title='bbox 458 723 485 764; x_wconf 80' lang='lat' dir='ltr'><strong>a</strong></span> <span class='ocrx_word' id='word_1_13' title='bbox 600 694 651 772; x_wconf 79' lang='lat' dir='ltr'><strong>Sc</strong></span> <span class='ocrx_word' id='word_1_14' title='bbox 676 719 832 794; x_wconf 90' lang='lat' dir='ltr'><strong>quoque</strong></span> <span class='ocrx_word' id='word_1_15' title='bbox 858 693 985 792; x_wconf 81' lang='lat' dir='ltr'><strong>fugit?</strong></span> 
     </span>
     <span class='ocr_line' id='line_1_5' title="bbox 503 841 1140 918; baseline -0.002 -1"><span class='ocrx_word' id='word_1_16' title='bbox 503 841 662 918; x_wconf 81' lang='lat' dir='ltr'><strong>Scandit</strong></span> <span class='ocrx_word' id='word_1_17' title='bbox 687 854 833 917; x_wconf 87' lang='lat' dir='ltr'><strong>aeratas</strong></span> <span class='ocrx_word' id='word_1_18' title='bbox 859 841 998 916; x_wconf 87' lang='lat' dir='ltr'><strong>vitiosa</strong></span> <span class='ocrx_word' id='word_1_19' title='bbox 1023 866 1140 916; x_wconf 78' lang='lat' dir='ltr'><strong>naves</strong></span> 
     </span>
     <span class='ocr_line' id='line_1_6' title="bbox 403 943 1277 1066; baseline -0.002 -22"><span class='ocrx_word' id='word_1_20' title='bbox 403 950 407 959; x_wconf 87' lang='lat'><strong>.</strong></span> <span class='ocrx_word' id='word_1_21' title='bbox 504 967 607 1044; x_wconf 85' lang='lat' dir='ltr'><strong>Cura</strong></span> <span class='ocrx_word' id='word_1_22' title='bbox 630 993 703 1042; x_wconf 88' lang='lat' dir='ltr'><strong>nec</strong></span> <span class='ocrx_word' id='word_1_23' title='bbox 726 977 870 1042; x_wconf 83' lang='lat' dir='ltr'><strong>tumms</strong></span> <span class='ocrx_word' id='word_1_24' title='bbox 897 943 1067 1066; x_wconf 76' lang='lat' dir='ltr'><strong>equitum</strong></span> <span class='ocrx_word' id='word_1_25' title='bbox 1093 965 1277 1066; x_wconf 84' lang='lat' dir='ltr'><strong>relinquit</strong></span> 
     </span>
     <span class='ocr_line' id='line_1_7' title="bbox 502 1088 1168 1189; baseline -0.002 -22"><span class='ocrx_word' id='word_1_26' title='bbox 502 1088 619 1167; x_wconf 89' lang='lat' dir='ltr'><strong>Ocior</strong></span> <span class='ocrx_word' id='word_1_27' title='bbox 642 1092 761 1166; x_wconf 82' lang='lat' dir='ltr'><strong>cervis</strong></span> <span class='ocrx_word' id='word_1_28' title='bbox 788 1104 825 1166; x_wconf 87' lang='lat' dir='ltr'><strong>ct</strong></span> <span class='ocrx_word' id='word_1_29' title='bbox 849 1104 989 1189; x_wconf 87' lang='lat' dir='ltr'><strong>agente</strong></span> <span class='ocrx_word' id='word_1_30' title='bbox 1015 1093 1168 1168; x_wconf 78' lang='lat' dir='ltr'>nimbos</span> 
     </span>
     <span class='ocr_line' id='line_1_8' title="bbox 604 1213 892 1292; baseline 0 0"><span class='ocrx_word' id='word_1_31' title='bbox 604 1213 725 1292; x_wconf 83' lang='lat' dir='ltr'>Ocior</span> <span class='ocrx_word' id='word_1_32' title='bbox 746 1217 862 1292; x_wconf 77' lang='lat' dir='ltr'><strong>auro.</strong></span> <span class='ocrx_word' id='word_1_33' title='bbox 889 1279 892 1292; x_wconf 94' lang='lat'><strong>.</strong></span> 
     </span>
    </p>
   </div>
   <div class='ocr_carea' id='block_1_3' title="bbox 457 1364 1427 2362">
    <p class='ocr_par' dir='ltr' id='par_1_3' title="bbox 457 1364 1427 2362">
     <span class='ocr_line' id='line_1_9' title="bbox 457 1364 1427 1474; baseline 0.007 -40"><span class='ocrx_word' id='word_1_34' title='bbox 457 1394 483 1434; x_wconf 74' lang='lat' dir='ltr'><strong>a</strong></span> <span class='ocrx_word' id='word_1_35' title='bbox 499 1364 638 1440; x_wconf 85' lang='lat' dir='ltr'><strong>Laetus</strong></span> <span class='ocrx_word' id='word_1_36' title='bbox 665 1365 706 1439; x_wconf 91' lang='lat' dir='ltr'><strong>in</strong></span> <span class='ocrx_word' id='word_1_37' title='bbox 729 1390 910 1474; x_wconf 79' lang='lat' dir='ltr'><strong>praesens</strong></span> <span class='ocrx_word' id='word_1_38' title='bbox 937 1368 1086 1443; x_wconf 89' lang='lat' dir='ltr'><strong>animus</strong></span> <span class='ocrx_word' id='word_1_39' title='bbox 1115 1367 1219 1467; x_wconf 92' lang='lat' dir='ltr'><strong>quod</strong></span> <span class='ocrx_word' id='word_1_40' title='bbox 1245 1367 1347 1442; x_wconf 87' lang='lat' dir='ltr'><strong>ultra</strong></span> <span class='ocrx_word' id='word_1_41' title='bbox 1370 1381 1427 1442; x_wconf 92' lang='lat' dir='ltr'><strong>est</strong></span> 
     </span>
     <span class='ocr_line' id='line_1_10' title="bbox 503 1487 1143 1570; baseline 0.002 -5"><span class='ocrx_word' id='word_1_42' title='bbox 503 1487 640 1565; x_wconf 78' lang='lat' dir='ltr'><strong>Oderit</strong></span> <span class='ocrx_word' id='word_1_43' title='bbox 666 1515 799 1565; x_wconf 87' lang='lat' dir='ltr'><strong>curare</strong></span> <span class='ocrx_word' id='word_1_44' title='bbox 824 1505 861 1566; x_wconf 89' lang='lat' dir='ltr'><strong>st</strong></span> <span class='ocrx_word' id='word_1_45' title='bbox 886 1517 1017 1568; x_wconf 87' lang='lat' dir='ltr'><strong>amara</strong></span> <span class='ocrx_word' id='word_1_46' title='bbox 1039 1493 1143 1570; x_wconf 87' lang='lat' dir='ltr'><strong>lento</strong></span> 
     </span>
     <span class='ocr_line' id='line_1_11' title="bbox 505 1599 1246 1712; baseline 0.005 -24"><span class='ocrx_word' id='word_1_47' title='bbox 505 1613 709 1712; x_wconf 84' lang='lat' dir='ltr'><strong>Temperet</strong></span> <span class='ocrx_word' id='word_1_48' title='bbox 733 1599 833 1688; x_wconf 80' lang='lat' dir='ltr'><strong>risu:</strong></span> <span class='ocrx_word' id='word_1_49' title='bbox 860 1615 958 1692; x_wconf 86' lang='lat' dir='ltr'><strong>nihil</strong></span> <span class='ocrx_word' id='word_1_50' title='bbox 985 1628 1040 1692; x_wconf 83' lang='lat' dir='ltr'><strong>ost</strong></span> <span class='ocrx_word' id='word_1_51' title='bbox 1065 1618 1115 1692; x_wconf 86' lang='lat' dir='ltr'><strong>ab</strong></span> <span class='ocrx_word' id='word_1_52' title='bbox 1141 1617 1246 1694; x_wconf 88' lang='lat' dir='ltr'><strong>omni</strong></span> 
     </span>
     <span class='ocr_line' id='line_1_12' title="bbox 604 1725 1094 1814; baseline 0.006 -2"><span class='ocrx_word' id='word_1_53' title='bbox 604 1738 718 1814; x_wconf 87' lang='lat' dir='ltr'><strong>Parte</strong></span> <span class='ocrx_word' id='word_1_54' title='bbox 746 1741 912 1814; x_wconf 87' lang='lat' dir='ltr'><strong>beatum.</strong></span> <span class='ocrx_word' id='word_1_55' title='bbox 1009 1751 1012 1758; x_wconf 82' lang='grc'><em>“</em></span> <span class='ocrx_word' id='word_1_56' title='bbox 1089 1725 1094 1734; x_wconf 55' lang='grc'><strong>’</strong></span> 
     </span>
     <span class='ocr_line' id='line_1_13' title="bbox 505 1885 1305 1987; baseline 0.005 -26"><span class='ocrx_word' id='word_1_57' title='bbox 505 1885 675 1962; x_wconf 83' lang='lat' dir='ltr'><strong>Abstulit</strong></span> <span class='ocrx_word' id='word_1_58' title='bbox 701 1887 845 1963; x_wconf 85' lang='lat' dir='ltr'><strong>clarum</strong></span> <span class='ocrx_word' id='word_1_59' title='bbox 872 1891 946 1964; x_wconf 90' lang='lat' dir='ltr'><strong>cita</strong></span> <span class='ocrx_word' id='word_1_60' title='bbox 972 1915 1075 1964; x_wconf 90' lang='lat' dir='ltr'><strong>mors</strong></span> <span class='ocrx_word' id='word_1_61' title='bbox 1102 1890 1305 1987; x_wconf 77' lang='lat' dir='ltr'><strong>Achillem,</strong></span> 
     </span>
     <span class='ocr_line' id='line_1_14' title="bbox 459 2012 1285 2116; baseline 0.011 -33"><span class='ocrx_word' id='word_1_62' title='bbox 459 2045 485 2083; x_wconf 76' lang='lat' dir='ltr'><strong>a</strong></span> <span class='ocrx_word' id='word_1_63' title='bbox 500 2012 637 2111; x_wconf 87' lang='lat' dir='ltr'><strong>Longa</strong></span> <span class='ocrx_word' id='word_1_64' title='bbox 660 2015 869 2090; x_wconf 81' lang='lat' dir='ltr'><strong>Tithonum</strong></span> <span class='ocrx_word' id='word_1_65' title='bbox 894 2016 1032 2092; x_wconf 86' lang='lat' dir='ltr'><strong>minuit</strong></span> <span class='ocrx_word' id='word_1_66' title='bbox 1056 2031 1239 2114; x_wconf 83' lang='lat' dir='ltr'><strong>senectus,</strong></span> <span class='ocrx_word' id='word_1_67' title='bbox 1284 2113 1285 2116; x_wconf 8' lang='grc' dir='ltr'><strong>Ἴ</strong></span> 
     </span>
     <span class='ocr_line' id='line_1_15' title="bbox 501 2138 1247 2240; baseline 0.011 -30"><span class='ocrx_word' id='word_1_68' title='bbox 501 2138 548 2211; x_wconf 88' lang='lat' dir='ltr'><strong>Et</strong></span> <span class='ocrx_word' id='word_1_69' title='bbox 574 2138 667 2212; x_wconf 90' lang='lat' dir='ltr'><strong>mihi</strong></span> <span class='ocrx_word' id='word_1_70' title='bbox 692 2138 833 2235; x_wconf 85' lang='lat' dir='ltr'>forsan,</span> <span class='ocrx_word' id='word_1_71' title='bbox 857 2141 928 2215; x_wconf 89' lang='lat' dir='ltr'><strong>tibi</strong></span> <span class='ocrx_word' id='word_1_72' title='bbox 957 2141 1062 2240; x_wconf 91' lang='lat' dir='ltr'><strong>quod</strong></span> <span class='ocrx_word' id='word_1_73' title='bbox 1088 2143 1247 2240; x_wconf 83' lang='lat' dir='ltr'><strong>negarit,</strong></span> 
     </span>
     <span class='ocr_line' id='line_1_16' title="bbox 599 2263 907 2362; baseline 0.006 -24"><span class='ocrx_word' id='word_1_74' title='bbox 599 2263 776 2362; x_wconf 87' lang='lat' dir='ltr'><strong>Porriget</strong></span> <span class='ocrx_word' id='word_1_75' title='bbox 800 2265 907 2340; x_wconf 90' lang='lat' dir='ltr'><strong>hora.</strong></span> 
     </span>
    </p>
   </div>
   <div class='ocr_carea' id='block_1_4' title="bbox 501 2412 1323 2635">
    <p class='ocr_par' dir='ltr' id='par_1_4' title="bbox 501 2412 1323 2635">
     <span class='ocr_line' id='line_1_17' title="bbox 503 2412 1323 2514; baseline 0.002 -26"><span class='ocrx_word' id='word_1_76' title='bbox 503 2412 558 2488; x_wconf 85' lang='lat' dir='ltr'><strong>Te</strong></span> <span class='ocrx_word' id='word_1_77' title='bbox 584 2438 720 2510; x_wconf 82' lang='lat' dir='ltr'><strong>greges</strong></span> <span class='ocrx_word' id='word_1_78' title='bbox 748 2426 899 2488; x_wconf 87' lang='lat' dir='ltr'><strong>centum</strong></span> <span class='ocrx_word' id='word_1_79' title='bbox 927 2413 1155 2514; x_wconf 78' lang='lat' dir='ltr'><strong>Siculaeque</strong></span> <span class='ocrx_word' id='word_1_80' title='bbox 1178 2415 1323 2491; x_wconf 76' lang='lat' dir='ltr'><strong>cneum</strong></span> 
     </span>
     <span class='ocr_line' id='line_1_18' title="bbox 501 2535 1306 2635; baseline 0.005 -26"><span class='ocrx_word' id='word_1_81' title='bbox 501 2535 680 2632; x_wconf 87' lang='lat' dir='ltr'><strong>Mugiunt</strong></span> <span class='ocrx_word' id='word_1_82' title='bbox 704 2559 853 2635; x_wconf 79' lang='lat' dir='ltr'><strong>vaccae,</strong></span> <span class='ocrx_word' id='word_1_83' title='bbox 885 2538 956 2613; x_wconf 87' lang='lat' dir='ltr'><strong>tibi</strong></span> <span class='ocrx_word' id='word_1_84' title='bbox 981 2537 1082 2613; x_wconf 88' lang='lat' dir='ltr'><strong>tollit</strong></span> <span class='ocrx_word' id='word_1_85' title='bbox 1115 2539 1306 2614; x_wconf 88' lang='lat' dir='ltr'><strong>hinnitum</strong></span> 
     </span>
    </p>
   </div>
   <div class='ocr_carea' id='block_1_5' title="bbox 459 2662 1243 2862">
    <p class='ocr_par' dir='ltr' id='par_1_5' title="bbox 459 2662 1243 2862">
     <span class='ocr_line' id='line_1_19' title="bbox 459 2662 1243 2763; baseline 0.006 -30"><span class='ocrx_word' id='word_1_86' title='bbox 459 2694 484 2735; x_wconf 78' lang='lat' dir='ltr'><strong>a</strong></span> <span class='ocrx_word' id='word_1_87' title='bbox 502 2662 607 2761; x_wconf 86' lang='lat' dir='ltr'><strong>Apta</strong></span> <span class='ocrx_word' id='word_1_88' title='bbox 636 2663 832 2762; x_wconf 80' lang='lat' dir='ltr'><strong>quadrigis</strong></span> <span class='ocrx_word' id='word_1_89' title='bbox 860 2688 970 2763; x_wconf 89' lang='lat' dir='ltr'><strong>equa,</strong></span> <span class='ocrx_word' id='word_1_90' title='bbox 997 2678 1036 2740; x_wconf 89' lang='lat' dir='ltr'><strong>te</strong></span> <span class='ocrx_word' id='word_1_91' title='bbox 1057 2665 1115 2740; x_wconf 88' lang='lat' dir='ltr'><strong>bis</strong></span> <span class='ocrx_word' id='word_1_92' title='bbox 1143 2664 1243 2740; x_wconf 81' lang='lat' dir='ltr'><strong>Afro</strong></span> 
     </span>
     <span class='ocr_line' id='line_1_20' title="bbox 604 2786 917 2862; baseline -0.003 0"><span class='ocrx_word' id='word_1_93' title='bbox 604 2787 753 2862; x_wconf 86' lang='lat' dir='ltr'><strong>Murice</strong></span> <span class='ocrx_word' id='word_1_94' title='bbox 777 2786 917 2862; x_wconf 87' lang='lat' dir='ltr'><strong>tinctae</strong></span> 
     </span>
    </p>
   </div>
   <div class='ocr_carea' id='block_1_6' title="bbox 303 2949 1519 3237">
    <p class='ocr_par' dir='ltr' id='par_1_6' title="bbox 303 2949 1519 3237">
     <span class='ocr_line' id='line_1_21' title="bbox 309 2949 1519 3021; baseline 0.002 -14"><span class='ocrx_word' id='word_1_95' title='bbox 309 2953 368 3008; x_wconf 83' lang='lat' dir='ltr'><strong>Sat.</strong></span> <span class='ocrx_word' id='word_1_96' title='bbox 377 2950 413 3017; x_wconf 89' lang='lat'><strong>11,</strong></span> <span class='ocrx_word' id='word_1_97' title='bbox 430 2956 457 3015; x_wconf 99' lang='grc'>7,</span> <span class='ocrx_word' id='word_1_98' title='bbox 476 2954 535 3006; x_wconf 80' lang='lat' dir='ltr'><strong>los.</strong></span> <span class='ocrx_word' id='word_1_99' title='bbox 573 2950 665 3021; x_wconf 84' lang='lat' dir='ltr'><strong>Epist.</strong></span> <span class='ocrx_word' id='word_1_100' title='bbox 685 2950 707 3014; x_wconf 88' lang='lat'><strong>1,</strong></span> <span class='ocrx_word' id='word_1_101' title='bbox 727 2952 753 3013; x_wconf 93' lang='grc'>7,</span> <span class='ocrx_word' id='word_1_102' title='bbox 774 2954 817 3005; x_wconf 82' lang='grc'><strong>36.</strong></span> <span class='ocrx_word' id='word_1_103' title='bbox 847 2980 878 2991; x_wconf 92' lang='lat'><strong>-—</strong></span> <span class='ocrx_word' id='word_1_104' title='bbox 932 2950 1027 3005; x_wconf 83' lang='lat' dir='ltr'><strong>dentis</strong></span> <span class='ocrx_word' id='word_1_105' title='bbox 1054 2949 1123 3015; x_wconf 81' lang='lat' dir='ltr'><strong>filio,</strong></span> <span class='ocrx_word' id='word_1_106' title='bbox 1152 2951 1198 3007; x_wconf 87' lang='lat' dir='ltr'><strong>cui</strong></span> <span class='ocrx_word' id='word_1_107' title='bbox 1224 2951 1355 3021; x_wconf 83' lang='lat' dir='ltr'><strong>precibus</strong></span> <span class='ocrx_word' id='word_1_108' title='bbox 1380 2951 1519 3009; x_wconf 82' lang='lat' dir='ltr'><strong>Aurorae</strong></span> 
     </span>
     <span class='ocr_line' id='line_1_22' title="bbox 306 3021 1518 3097; baseline 0.002 -18"><span class='ocrx_word' id='word_1_109' title='bbox 306 3030 417 3097; x_wconf 71' lang='lat' dir='ltr'><strong>patriae</strong></span> <span class='ocrx_word' id='word_1_110' title='bbox 441 3023 531 3094; x_wconf 67' lang='lat' dir='ltr'><strong>aaut]</strong></span> <span class='ocrx_word' id='word_1_111' title='bbox 556 3021 635 3076; x_wconf 81' lang='lat' dir='ltr'><strong>Ovid.</strong></span> <span class='ocrx_word' id='word_1_112' title='bbox 660 3022 727 3075; x_wconf 79' lang='lat' dir='ltr'><strong>Met.</strong></span> <span class='ocrx_word' id='word_1_113' title='bbox 746 3021 794 3087; x_wconf 85' lang='lat' dir='ltr'><strong>IX,</strong></span> <span class='ocrx_word' id='word_1_114' title='bbox 813 3025 878 3078; x_wconf 82' lang='lat'><strong>409:</strong></span> <span class='ocrx_word' id='word_1_115' title='bbox 932 3022 1060 3093; x_wconf 83' lang='lat' dir='ltr'><strong>coniugis</strong></span> <span class='ocrx_word' id='word_1_116' title='bbox 1068 3022 1195 3091; x_wconf 85' lang='lat' dir='ltr'><strong>Iuppiter</strong></span> <span class='ocrx_word' id='word_1_117' title='bbox 1205 3027 1298 3080; x_wconf 85' lang='lat' dir='ltr'><strong>motus</strong></span> <span class='ocrx_word' id='word_1_118' title='bbox 1313 3023 1518 3093; x_wconf 71' lang='lat' dir='ltr'><strong>longissimam</strong></span> 
     </span>
     <span class='ocr_line' id='line_1_23' title="bbox 311 3092 1519 3163; baseline 0.002 -14"><span class='ocrx_word' id='word_1_119' title='bbox 311 3096 407 3149; x_wconf 79' lang='lat' dir='ltr'><strong>»exsul</strong></span> <span class='ocrx_word' id='word_1_120' title='bbox 430 3096 589 3163; x_wconf 83' lang='lat' dir='ltr'><strong>mentisque</strong></span> <span class='ocrx_word' id='word_1_121' title='bbox 614 3092 795 3161; x_wconf 77' lang='lat' dir='ltr'><strong>domusque«</strong></span> <span class='ocrx_word' id='word_1_122' title='bbox 843 3092 879 3147; x_wconf 79' lang='lat' dir='ltr'><strong>cf.</strong></span> <span class='ocrx_word' id='word_1_123' title='bbox 931 3093 1122 3161; x_wconf 82' lang='lat' dir='ltr'><strong>vitsmdedit;</strong></span> <span class='ocrx_word' id='word_1_124' title='bbox 1142 3093 1275 3163; x_wconf 82' lang='lat' dir='ltr'><strong>adquam</strong></span> <span class='ocrx_word' id='word_1_125' title='bbox 1289 3095 1519 3153; x_wconf 82' lang='lat' dir='ltr'><strong>oumohlitaea·</strong></span> 
     </span>
     <span class='ocr_line' id='line_1_24' title="bbox 303 3164 1519 3237; baseline 0.003 -18"><span class='ocrx_word' id='word_1_126' title='bbox 303 3166 372 3221; x_wconf 85' lang='lat' dir='ltr'><strong>ibid.</strong></span> <span class='ocrx_word' id='word_1_127' title='bbox 401 3165 448 3229; x_wconf 88' lang='lat' dir='ltr'><strong>v1‚</strong></span> <span class='ocrx_word' id='word_1_128' title='bbox 472 3168 536 3233; x_wconf 70' lang='lat'><strong>18⁹3</strong></span> <span class='ocrx_word' id='word_1_129' title='bbox 569 3182 661 3233; x_wconf 87' lang='lat' dir='ltr'><strong>nequa</strong></span> <span class='ocrx_word' id='word_1_130' title='bbox 692 3165 762 3219; x_wconf 85' lang='lat' dir='ltr'><strong>haec</strong></span> <span class='ocrx_word' id='word_1_131' title='bbox 789 3164 880 3218; x_wconf 81' lang='lat' dir='ltr'><strong>aliens</strong></span> <span class='ocrx_word' id='word_1_132' title='bbox 931 3165 1200 3234; x_wconf 76' lang='lat' dir='ltr'><strong>setsurorapeure</strong></span> <span class='ocrx_word' id='word_1_133' title='bbox 1213 3170 1393 3237; x_wconf 86' lang='lat' dir='ltr'><strong>utpsrpstua</strong></span> <span class='ocrx_word' id='word_1_134' title='bbox 1413 3167 1519 3223; x_wconf 80' lang='lat' dir='ltr'><strong>iussu-</strong></span> 
     </span>
    </p>
   </div>
   <div class='ocr_carea' id='block_1_7' title="bbox 178 3235 1519 3305">
    <p class='ocr_par' dir='ltr' id='par_1_7' title="bbox 178 3235 1519 3305">
     <span class='ocr_line' id='line_1_25' title="bbox 178 3235 1519 3305; baseline 0.003 -16"><span class='ocrx_word' id='word_1_135' title='bbox 178 3288 187 3301; x_wconf 45' lang='lat'><strong>·</strong></span> <span class='ocrx_word' id='word_1_136' title='bbox 303 3242 370 3290; x_wconf 87' lang='lat' dir='ltr'><strong>sunt</strong></span> <span class='ocrx_word' id='word_1_137' title='bbox 385 3256 403 3293; x_wconf 84' lang='lat' dir='ltr'><strong>s</strong></span> <span class='ocrx_word' id='word_1_138' title='bbox 421 3237 448 3291; x_wconf 81' lang='lat' dir='ltr'><strong>vi</strong></span> <span class='ocrx_word' id='word_1_139' title='bbox 467 3241 497 3290; x_wconf 87' lang='lat' dir='ltr'><strong>et</strong></span> <span class='ocrx_word' id='word_1_140' title='bbox 519 3240 624 3290; x_wconf 85' lang='lat' dir='ltr'><strong>natura</strong></span> <span class='ocrx_word' id='word_1_141' title='bbox 642 3235 768 3305; x_wconf 83' lang='lat' dir='ltr'><strong>genitivi,</strong></span> <span class='ocrx_word' id='word_1_142' title='bbox 797 3252 879 3305; x_wconf 88' lang='lat' dir='ltr'><strong>prae·</strong></span> <span class='ocrx_word' id='word_1_143' title='bbox 931 3240 977 3289; x_wconf 82' lang='lat' dir='ltr'><strong>tus</strong></span> <span class='ocrx_word' id='word_1_144' title='bbox 993 3236 1154 3301; x_wconf 85' lang='lat' dir='ltr'><strong>adderetur,</strong></span> <span class='ocrx_word' id='word_1_145' title='bbox 1164 3236 1301 3292; x_wconf 86' lang='lat' dir='ltr'><strong>Tithonus</strong></span> <span class='ocrx_word' id='word_1_146' title='bbox 1314 3240 1519 3293; x_wconf 73' lang='lat' dir='ltr'><strong>crescentibus</strong></span> 
     </span>
    </p>
   </div>
   <div class='ocr_carea' id='block_1_8' title="bbox 302 3306 1522 3803">
    <p class='ocr_par' dir='ltr' id='par_1_8' title="bbox 302 3306 1522 3803">
     <span class='ocr_line' id='line_1_26' title="bbox 303 3306 1519 3377; baseline 0.002 -16"><span class='ocrx_word' id='word_1_147' title='bbox 303 3308 385 3376; x_wconf 89' lang='lat' dir='ltr'><strong>cipue</strong></span> <span class='ocrx_word' id='word_1_148' title='bbox 402 3309 506 3377; x_wconf 84' lang='lat' dir='ltr'><strong>graeci.</strong></span> <span class='ocrx_word' id='word_1_149' title='bbox 526 3339 560 3348; x_wconf 92' lang='lat'>-</span> <span class='ocrx_word' id='word_1_150' title='bbox 586 3306 626 3377; x_wconf 80' lang='lat' dir='ltr'><strong>se]</strong></span> <span class='ocrx_word' id='word_1_151' title='bbox 646 3324 709 3361; x_wconf 87' lang='lat' dir='ltr'><strong>oum</strong></span> <span class='ocrx_word' id='word_1_152' title='bbox 728 3309 785 3361; x_wconf 87' lang='lat' dir='ltr'><strong>suis</strong></span> <span class='ocrx_word' id='word_1_153' title='bbox 804 3307 879 3363; x_wconf 87' lang='lat' dir='ltr'><strong>curis</strong></span> <span class='ocrx_word' id='word_1_154' title='bbox 931 3309 1010 3360; x_wconf 82' lang='lat' dir='ltr'><strong>suuis</strong></span> <span class='ocrx_word' id='word_1_155' title='bbox 1029 3312 1179 3376; x_wconf 83' lang='lat' dir='ltr'><strong>tantopere</strong></span> <span class='ocrx_word' id='word_1_156' title='bbox 1198 3309 1310 3363; x_wconf 80' lang='lat' dir='ltr'><strong>exemit</strong></span> <span class='ocrx_word' id='word_1_157' title='bbox 1347 3325 1373 3363; x_wconf 81' lang='lat' dir='ltr'><strong>v.</strong></span> <span class='ocrx_word' id='word_1_158' title='bbox 1392 3311 1433 3363; x_wconf 81' lang='grc'><strong>30</strong></span> <span class='ocrx_word' id='word_1_159' title='bbox 1462 3317 1519 3364; x_wconf 71' lang='lat' dir='ltr'><strong>ms·-</strong></span> 
     </span>
     <span class='ocr_line' id='line_1_27' title="bbox 304 3376 1519 3447; baseline 0.002 -15"><span class='ocrx_word' id='word_1_160' title='bbox 304 3383 335 3432; x_wconf 87' lang='lat' dir='ltr'><strong>et</strong></span> <span class='ocrx_word' id='word_1_161' title='bbox 351 3378 563 3446; x_wconf 75' lang='lat' dir='ltr'><strong>cupiditatibus,</strong></span> <span class='ocrx_word' id='word_1_162' title='bbox 590 3395 658 3447; x_wconf 83' lang='lat' dir='ltr'><strong>quas</strong></span> <span class='ocrx_word' id='word_1_163' title='bbox 677 3394 774 3432; x_wconf 85' lang='lat' dir='ltr'><strong>secum</strong></span> <span class='ocrx_word' id='word_1_164' title='bbox 796 3376 880 3432; x_wconf 83' lang='lat' dir='ltr'><strong>habet</strong></span> <span class='ocrx_word' id='word_1_165' title='bbox 931 3380 1009 3447; x_wconf 70' lang='lat' dir='ltr'><strong>mss),</strong></span> <span class='ocrx_word' id='word_1_166' title='bbox 1039 3384 1070 3431; x_wconf 85' lang='lat' dir='ltr'><strong>ut</strong></span> <span class='ocrx_word' id='word_1_167' title='bbox 1093 3377 1121 3432; x_wconf 90' lang='lat' dir='ltr'><strong>iu</strong></span> <span class='ocrx_word' id='word_1_168' title='bbox 1141 3379 1267 3435; x_wconf 75' lang='lat' dir='ltr'><strong>cicadam</strong></span> <span class='ocrx_word' id='word_1_169' title='bbox 1286 3386 1335 3433; x_wconf 84' lang='lat' dir='ltr'><strong>tau</strong></span> <span class='ocrx_word' id='word_1_170' title='bbox 1372 3396 1400 3433; x_wconf 88' lang='lat' dir='ltr'><strong>m</strong></span> <span class='ocrx_word' id='word_1_171' title='bbox 1425 3380 1519 3435; x_wconf 86' lang='lat' dir='ltr'><strong>mise-</strong></span> 
     </span>
     <span class='ocr_line' id='line_1_28' title="bbox 302 3448 1519 3519; baseline 0.006 -18"><span class='ocrx_word' id='word_1_172' title='bbox 302 3449 415 3518; x_wconf 85' lang='lat' dir='ltr'><strong>ubiqus.</strong></span> <span class='ocrx_word' id='word_1_173' title='bbox 451 3449 498 3504; x_wconf 80' lang='lat' dir='ltr'><strong>Sic</strong></span> <span class='ocrx_word' id='word_1_174' title='bbox 516 3449 626 3504; x_wconf 81' lang='lat' dir='ltr'><strong>secedit</strong></span> <span class='ocrx_word' id='word_1_175' title='bbox 642 3449 671 3501; x_wconf 89' lang='lat' dir='ltr'><strong>iu</strong></span> <span class='ocrx_word' id='word_1_176' title='bbox 720 3465 789 3502; x_wconf 81' lang='lat' dir='ltr'><strong>nens</strong></span> <span class='ocrx_word' id='word_1_177' title='bbox 807 3452 879 3503; x_wconf 87' lang='lat' dir='ltr'><strong>stro·</strong></span> <span class='ocrx_word' id='word_1_178' title='bbox 931 3448 1053 3503; x_wconf 84' lang='lat' dir='ltr'><strong>ricerdis</strong></span> <span class='ocrx_word' id='word_1_179' title='bbox 1072 3448 1145 3505; x_wconf 80' lang='lat' dir='ltr'><strong>iovis</strong></span> <span class='ocrx_word' id='word_1_180' title='bbox 1162 3454 1328 3505; x_wconf 77' lang='lat' dir='ltr'><strong>mutaretur.</strong></span> <span class='ocrx_word' id='word_1_181' title='bbox 1349 3449 1385 3507; x_wconf 83' lang='lat' dir='ltr'><strong>ci.</strong></span> <span class='ocrx_word' id='word_1_182' title='bbox 1396 3451 1420 3515; x_wconf 85' lang='lat'><strong>1,</strong></span> <span class='ocrx_word' id='word_1_183' title='bbox 1430 3454 1480 3519; x_wconf 73' lang='lat'><strong>28,</strong></span> <span class='ocrx_word' id='word_1_184' title='bbox 1489 3456 1519 3507; x_wconf 89' lang='grc'><strong>8.</strong></span> 
     </span>
     <span class='ocr_line' id='line_1_29' title="bbox 305 3466 1520 3643; baseline 0.005 -70"><span class='ocrx_word' id='word_1_185' title='bbox 305 3520 372 3643; x_wconf 57' lang='lat' dir='ltr'><strong>pha.</strong></span> <span class='ocrx_word' id='word_1_186' title='bbox 398 3548 433 3561; x_wconf 90' lang='lat'><strong>·-</strong></span> <span class='ocrx_word' id='word_1_187' title='bbox 463 3534 576 3575; x_wconf 63' lang='lat' dir='ltr'><strong>sareas</strong></span> <span class='ocrx_word' id='word_1_188' title='bbox 595 3466 878 3588; x_wconf 50' lang='lat' dir='ltr'><strong>mrerloqflimillimus</strong></span> <span class='ocrx_word' id='word_1_189' title='bbox 931 3518 1008 3586; x_wconf 72' lang='lat' dir='ltr'><strong>Quas</strong></span> <span class='ocrx_word' id='word_1_190' title='bbox 1037 3519 1164 3589; x_wconf 82' lang='lat' dir='ltr'><strong>exempla</strong></span> <span class='ocrx_word' id='word_1_191' title='bbox 1192 3522 1338 3590; x_wconf 84' lang='lat' dir='ltr'><strong>aptissima</strong></span> <span class='ocrx_word' id='word_1_192' title='bbox 1369 3526 1438 3577; x_wconf 85' lang='lat' dir='ltr'><strong>sunt</strong></span> <span class='ocrx_word' id='word_1_193' title='bbox 1477 3524 1520 3579; x_wconf 79' lang='lat' dir='ltr'><strong>ad</strong></span> 
     </span>
     <span class='ocr_line' id='line_1_30' title="bbox 317 3588 1521 3659; baseline 0.003 -14"><span class='ocrx_word' id='word_1_194' title='bbox 317 3608 385 3645; x_wconf 86' lang='lat' dir='ltr'><strong>ocus</strong></span> <span class='ocrx_word' id='word_1_195' title='bbox 402 3595 446 3645; x_wconf 83' lang='lat' dir='ltr'><strong>est</strong></span> <span class='ocrx_word' id='word_1_196' title='bbox 467 3591 557 3647; x_wconf 82' lang='lat' dir='ltr'><strong>Csrm.</strong></span> <span class='ocrx_word' id='word_1_197' title='bbox 575 3590 623 3653; x_wconf 82' lang='lat'>111,</span> <span class='ocrx_word' id='word_1_198' title='bbox 645 3594 668 3654; x_wconf 96' lang='grc'>1,</span> <span class='ocrx_word' id='word_1_199' title='bbox 689 3592 723 3645; x_wconf 80' lang='grc'><strong>37</strong></span> <span class='ocrx_word' id='word_1_200' title='bbox 744 3608 804 3659; x_wconf 86' lang='lat' dir='ltr'><strong>sqq.</strong></span> <span class='ocrx_word' id='word_1_201' title='bbox 842 3588 877 3645; x_wconf 85' lang='lat' dir='ltr'><strong>ci.</strong></span> <span class='ocrx_word' id='word_1_202' title='bbox 929 3590 1147 3654; x_wconf 81' lang='lat' dir='ltr'><strong>ostendendum.</strong></span> <span class='ocrx_word' id='word_1_203' title='bbox 1177 3609 1234 3645; x_wconf 89' lang='lat' dir='ltr'><strong>non</strong></span> <span class='ocrx_word' id='word_1_204' title='bbox 1273 3592 1400 3647; x_wconf 89' lang='lat' dir='ltr'><strong>omnibus</strong></span> <span class='ocrx_word' id='word_1_205' title='bbox 1441 3594 1521 3649; x_wconf 83' lang='lat' dir='ltr'><strong>data</strong></span> 
     </span>
     <span class='ocr_line' id='line_1_31' title="bbox 304 3660 1520 3733; baseline 0.003 -17"><span class='ocrx_word' id='word_1_206' title='bbox 304 3660 620 3725; x_wconf 79' lang='lat' dir='ltr'><strong>sat.1},7,111-115.</strong></span> <span class='ocrx_word' id='word_1_207' title='bbox 648 3661 771 3731; x_wconf 78' lang='lat' dir='ltr'><strong>Epistl,</strong></span> <span class='ocrx_word' id='word_1_208' title='bbox 784 3664 824 3723; x_wconf 90' lang='lat' dir='ltr'><strong>ll,</strong></span> <span class='ocrx_word' id='word_1_209' title='bbox 836 3664 879 3715; x_wconf 78' lang='grc'><strong>77.</strong></span> <span class='ocrx_word' id='word_1_210' title='bbox 930 3661 1032 3727; x_wconf 86' lang='lat' dir='ltr'><strong>omnis,</strong></span> <span class='ocrx_word' id='word_1_211' title='bbox 1053 3662 1114 3717; x_wconf 86' lang='lat' dir='ltr'><strong>aliis</strong></span> <span class='ocrx_word' id='word_1_212' title='bbox 1134 3662 1189 3716; x_wconf 87' lang='lat' dir='ltr'><strong>alia</strong></span> <span class='ocrx_word' id='word_1_213' title='bbox 1212 3680 1273 3717; x_wconf 89' lang='lat' dir='ltr'><strong>esse</strong></span> <span class='ocrx_word' id='word_1_214' title='bbox 1296 3667 1408 3733; x_wconf 79' lang='lat' dir='ltr'><strong>negata.</strong></span> <span class='ocrx_word' id='word_1_215' title='bbox 1467 3666 1520 3721; x_wconf 84' lang='lat' dir='ltr'><strong>Ab</strong></span> 
     </span>
     <span class='ocr_line' id='line_1_32' title="bbox 306 3732 1522 3803; baseline 0.004 -17"><span class='ocrx_word' id='word_1_216' title='bbox 306 3733 635 3803; x_wconf 74' lang='lat' dir='ltr'><strong>1‚14‚1ssq.-qs0u</strong></span> <span class='ocrx_word' id='word_1_217' title='bbox 652 3738 728 3787; x_wconf 78' lang='lat' dir='ltr'><strong>oltra</strong></span> <span class='ocrx_word' id='word_1_218' title='bbox 748 3732 799 3802; x_wconf 76' lang='lat' dir='ltr'><strong>sss]</strong></span> <span class='ocrx_word' id='word_1_219' title='bbox 820 3733 838 3787; x_wconf 96' lang='lat' dir='ltr'><strong>i.</strong></span> <span class='ocrx_word' id='word_1_220' title='bbox 854 3749 878 3787; x_wconf 87' lang='lat' dir='ltr'><strong>e.</strong></span> <span class='ocrx_word' id='word_1_221' title='bbox 930 3732 1064 3802; x_wconf 86' lang='lat' dir='ltr'><strong>exemplis</strong></span> <span class='ocrx_word' id='word_1_222' title='bbox 1093 3732 1261 3802; x_wconf 85' lang='lat' dir='ltr'><strong>interposita</strong></span> <span class='ocrx_word' id='word_1_223' title='bbox 1294 3734 1419 3803; x_wconf 82' lang='lat' dir='ltr'><strong>generali</strong></span> <span class='ocrx_word' id='word_1_224' title='bbox 1447 3754 1522 3791; x_wconf 85' lang='lat' dir='ltr'><strong>seu-</strong></span> 
     </span>
    </p>
   </div>
   <div class='ocr_carea' id='block_1_9' title="bbox 189 3802 1517 3873">
    <p class='ocr_par' dir='ltr' id='par_1_9' title="bbox 189 3802 1517 3873">
     <span class='ocr_line' id='line_1_33' title="bbox 189 3802 1517 3873; baseline 0.003 -15"><span class='ocrx_word' id='word_1_225' title='bbox 189 3865 193 3871; x_wconf 20' lang='lat'><strong>*</strong></span> <span class='ocrx_word' id='word_1_226' title='bbox 302 3804 379 3859; x_wconf 89' lang='lat' dir='ltr'><strong>ultra</strong></span> <span class='ocrx_word' id='word_1_227' title='bbox 395 3819 537 3872; x_wconf 83' lang='lat' dir='ltr'><strong>praesens,</strong></span> <span class='ocrx_word' id='word_1_228' title='bbox 556 3802 689 3858; x_wconf 81' lang='lat' dir='ltr'><strong>futurum.</strong></span> <span class='ocrx_word' id='word_1_229' title='bbox 717 3834 752 3842; x_wconf 94' lang='lat'><strong>—</strong></span> <span class='ocrx_word' id='word_1_230' title='bbox 779 3802 877 3872; x_wconf 74' lang='lat' dir='ltr'><strong>oderis]</strong></span> <span class='ocrx_word' id='word_1_231' title='bbox 931 3804 1377 3873; x_wconf 81' lang='lat' dir='ltr'><strong>tentisadsmioisusmquarem</strong></span> <span class='ocrx_word' id='word_1_232' title='bbox 1390 3809 1517 3863; x_wconf 83' lang='lat' dir='ltr'><strong>transit.</strong></span> 
     </span>
    </p>
   </div>
   <div class='ocr_carea' id='block_1_10' title="bbox 302 3874 1555 4659">
    <p class='ocr_par' dir='ltr' id='par_1_10' title="bbox 302 3874 1555 4659">
     <span class='ocr_line' id='line_1_34' title="bbox 305 3874 1520 3946; baseline 0.004 -16"><span class='ocrx_word' id='word_1_233' title='bbox 305 3875 371 3931; x_wconf 78' lang='lat' dir='ltr'><strong>vide</strong></span> <span class='ocrx_word' id='word_1_234' title='bbox 386 3874 423 3929; x_wconf 72' lang='lat' dir='ltr'><strong>sd</strong></span> <span class='ocrx_word' id='word_1_235' title='bbox 441 3874 560 3940; x_wconf 74' lang='lat' dir='ltr'><strong>Gerasi,</strong></span> <span class='ocrx_word' id='word_1_236' title='bbox 573 3874 878 3944; x_wconf 53' lang='lat' dir='ltr'><strong>1,8.*ssna]quiato</strong></span> <span class='ocrx_word' id='word_1_237' title='bbox 931 3902 965 3913; x_wconf 94' lang='lat'><em>-</em></span> <span class='ocrx_word' id='word_1_238' title='bbox 994 3876 1031 3946; x_wconf 78' lang='lat' dir='ltr'><strong>ss]</strong></span> <span class='ocrx_word' id='word_1_239' title='bbox 1054 3874 1206 3944; x_wconf 79' lang='lat' dir='ltr'><strong>Amphora</strong></span> <span class='ocrx_word' id='word_1_240' title='bbox 1234 3888 1271 3942; x_wconf 80' lang='lat' dir='ltr'><strong>te,</strong></span> <span class='ocrx_word' id='word_1_241' title='bbox 1293 3880 1352 3941; x_wconf 72' lang='lat' dir='ltr'><strong>titi,</strong></span> <span class='ocrx_word' id='word_1_242' title='bbox 1371 3890 1397 3930; x_wconf 78' lang='lat' dir='ltr'><strong>ts</strong></span> <span class='ocrx_word' id='word_1_243' title='bbox 1424 3894 1520 3946; x_wconf 82' lang='lat' dir='ltr'><strong>prae-</strong></span> 
     </span>
     <span class='ocr_line' id='line_1_35' title="bbox 305 3944 1523 4018; baseline 0.004 -17"><span class='ocrx_word' id='word_1_244' title='bbox 305 3946 520 4018; x_wconf 63' lang='lat' dir='ltr'><strong>(glaiehgnltigg</strong></span> <span class='ocrx_word' id='word_1_245' title='bbox 531 3946 775 4015; x_wconf 87' lang='lat' dir='ltr'><strong>quorisusapiens</strong></span> <span class='ocrx_word' id='word_1_246' title='bbox 786 3952 877 3999; x_wconf 84' lang='lat' dir='ltr'><strong>osten·</strong></span> <span class='ocrx_word' id='word_1_247' title='bbox 929 3944 1006 4000; x_wconf 85' lang='lat' dir='ltr'><strong>clare</strong></span> <span class='ocrx_word' id='word_1_248' title='bbox 1025 3946 1103 4011; x_wconf 84' lang='lat' dir='ltr'><strong>iacit,</strong></span> <span class='ocrx_word' id='word_1_249' title='bbox 1121 3953 1247 4016; x_wconf 87' lang='lat' dir='ltr'><strong>utquam</strong></span> <span class='ocrx_word' id='word_1_250' title='bbox 1263 3946 1350 4003; x_wconf 84' lang='lat' dir='ltr'><strong>multa</strong></span> <span class='ocrx_word' id='word_1_251' title='bbox 1364 3945 1423 4002; x_wconf 86' lang='lat' dir='ltr'><strong>isto</strong></span> <span class='ocrx_word' id='word_1_252' title='bbox 1440 3949 1523 4005; x_wconf 82' lang='lat' dir='ltr'><strong>data</strong></span> 
     </span>
     <span class='ocr_line' id='line_1_36' title="bbox 305 4016 1522 4087; baseline 0.003 -14"><span class='ocrx_word' id='word_1_253' title='bbox 305 4019 349 4073; x_wconf 87' lang='lat' dir='ltr'><strong>dit</strong></span> <span class='ocrx_word' id='word_1_254' title='bbox 367 4036 397 4072; x_wconf 91' lang='lat' dir='ltr'><strong>se</strong></span> <span class='ocrx_word' id='word_1_255' title='bbox 409 4019 492 4073; x_wconf 82' lang='lat' dir='ltr'><strong>rebus</strong></span> <span class='ocrx_word' id='word_1_256' title='bbox 503 4017 630 4073; x_wconf 82' lang='lat' dir='ltr'><strong>adversis</strong></span> <span class='ocrx_word' id='word_1_257' title='bbox 640 4035 696 4072; x_wconf 90' lang='lat' dir='ltr'><strong>nou</strong></span> <span class='ocrx_word' id='word_1_258' title='bbox 708 4016 876 4087; x_wconf 82' lang='lat' dir='ltr'><strong>perturbari.</strong></span> <span class='ocrx_word' id='word_1_259' title='bbox 930 4016 987 4071; x_wconf 85' lang='lat' dir='ltr'><strong>siut</strong></span> <span class='ocrx_word' id='word_1_260' title='bbox 1005 4016 1134 4087; x_wconf 81' lang='lat' dir='ltr'><strong>Grospho</strong></span> <span class='ocrx_word' id='word_1_261' title='bbox 1152 4018 1307 4085; x_wconf 84' lang='lat' dir='ltr'><strong>videamus3</strong></span> <span class='ocrx_word' id='word_1_262' title='bbox 1339 4018 1388 4073; x_wconf 88' lang='lat' dir='ltr'><strong>ubi</strong></span> <span class='ocrx_word' id='word_1_263' title='bbox 1411 4018 1450 4074; x_wconf 89' lang='lat' dir='ltr'><strong>de</strong></span> <span class='ocrx_word' id='word_1_264' title='bbox 1483 4040 1522 4077; x_wconf 83' lang='lat' dir='ltr'><strong>se</strong></span> 
     </span>
     <span class='ocr_line' id='line_1_37' title="bbox 305 4087 1555 4159; baseline 0.002 -16"><span class='ocrx_word' id='word_1_265' title='bbox 305 4090 397 4157; x_wconf 78' lang='lat' dir='ltr'><strong>Quare</strong></span> <span class='ocrx_word' id='word_1_266' title='bbox 421 4104 479 4143; x_wconf 90' lang='lat' dir='ltr'><strong>non</strong></span> <span class='ocrx_word' id='word_1_267' title='bbox 507 4090 579 4144; x_wconf 87' lang='lat' dir='ltr'><strong>bens</strong></span> <span class='ocrx_word' id='word_1_268' title='bbox 607 4090 655 4143; x_wconf 89' lang='lat' dir='ltr'><strong>alii</strong></span> <span class='ocrx_word' id='word_1_269' title='bbox 680 4090 879 4158; x_wconf 84' lang='lat' dir='ltr'><strong>praetulerunt</strong></span> <span class='ocrx_word' id='word_1_270' title='bbox 928 4087 1063 4156; x_wconf 86' lang='lat' dir='ltr'><strong>loquitur,</strong></span> <span class='ocrx_word' id='word_1_271' title='bbox 1084 4088 1169 4143; x_wconf 83' lang='lat' dir='ltr'><strong>semel</strong></span> <span class='ocrx_word' id='word_1_272' title='bbox 1187 4094 1254 4143; x_wconf 70' lang='lat' dir='ltr'><strong>niti</strong></span> <span class='ocrx_word' id='word_1_273' title='bbox 1273 4089 1376 4159; x_wconf 82' lang='lat' dir='ltr'><strong>posuit</strong></span> <span class='ocrx_word' id='word_1_274' title='bbox 1395 4119 1431 4130; x_wconf 93' lang='lat'>-</span> <span class='ocrx_word' id='word_1_275' title='bbox 1451 4098 1520 4146; x_wconf 72' lang='lat' dir='ltr'><strong>cir·</strong></span> <span class='ocrx_word' id='word_1_276' title='bbox 1554 4122 1555 4129; x_wconf 59' lang='lat'><strong>.</strong></span> 
     </span>
     <span class='ocr_line' id='line_1_38' title="bbox 302 4159 1520 4229; baseline 0.003 -14"><span class='ocrx_word' id='word_1_277' title='bbox 302 4167 385 4225; x_wconf 79' lang='lat' dir='ltr'><strong>iusto,</strong></span> <span class='ocrx_word' id='word_1_278' title='bbox 410 4160 555 4215; x_wconf 80' lang='lat' dir='ltr'><strong>Bentleius</strong></span> <span class='ocrx_word' id='word_1_279' title='bbox 579 4164 643 4215; x_wconf 79' lang='lat' dir='ltr'><strong>lesi.</strong></span> <span class='ocrx_word' id='word_1_280' title='bbox 672 4190 707 4201; x_wconf 92' lang='lat'><em>-</em></span> <span class='ocrx_word' id='word_1_281' title='bbox 736 4159 877 4228; x_wconf 71' lang='lat' dir='ltr'><strong>sessum]</strong></span> <span class='ocrx_word' id='word_1_282' title='bbox 929 4159 998 4229; x_wconf 73' lang='lat' dir='ltr'><strong>com]</strong></span> <span class='ocrx_word' id='word_1_283' title='bbox 1018 4161 1083 4215; x_wconf 81' lang='lat' dir='ltr'><strong>vide</strong></span> <span class='ocrx_word' id='word_1_284' title='bbox 1101 4160 1137 4213; x_wconf 79' lang='lat' dir='ltr'><strong>ed</strong></span> <span class='ocrx_word' id='word_1_285' title='bbox 1155 4160 1245 4215; x_wconf 79' lang='lat' dir='ltr'><strong>carm.</strong></span> <span class='ocrx_word' id='word_1_286' title='bbox 1264 4160 1285 4226; x_wconf 85' lang='lat' dir='ltr'><strong>l,</strong></span> <span class='ocrx_word' id='word_1_287' title='bbox 1305 4164 1329 4223; x_wconf 80' lang='lat'><strong>2,</strong></span> <span class='ocrx_word' id='word_1_288' title='bbox 1349 4162 1392 4215; x_wconf 76' lang='lat'><strong>84.</strong></span> <span class='ocrx_word' id='word_1_289' title='bbox 1440 4162 1520 4219; x_wconf 86' lang='lat' dir='ltr'><strong>Imi-</strong></span> 
     </span>
     <span class='ocr_line' id='line_1_39' title="bbox 303 4230 1516 4301; baseline 0.002 -13"><span class='ocrx_word' id='word_1_290' title='bbox 303 4231 351 4288; x_wconf 86' lang='lat' dir='ltr'><strong>cui</strong></span> <span class='ocrx_word' id='word_1_291' title='bbox 376 4230 499 4301; x_wconf 83' lang='lat' dir='ltr'><strong>ancipite</strong></span> <span class='ocrx_word' id='word_1_292' title='bbox 524 4230 583 4287; x_wconf 82' lang='lat' dir='ltr'><strong>isto</strong></span> <span class='ocrx_word' id='word_1_293' title='bbox 610 4230 782 4286; x_wconf 80' lang='lat' dir='ltr'><strong>destinatum</strong></span> <span class='ocrx_word' id='word_1_294' title='bbox 807 4235 876 4295; x_wconf 84' lang='lat' dir='ltr'><strong>erat,</strong></span> <span class='ocrx_word' id='word_1_295' title='bbox 928 4232 1006 4285; x_wconf 83' lang='lat' dir='ltr'><strong>tatus</strong></span> <span class='ocrx_word' id='word_1_296' title='bbox 1024 4248 1084 4287; x_wconf 86' lang='lat' dir='ltr'><strong>esse</strong></span> <span class='ocrx_word' id='word_1_297' title='bbox 1103 4231 1216 4287; x_wconf 81' lang='lat' dir='ltr'><strong>videtur</strong></span> <span class='ocrx_word' id='word_1_298' title='bbox 1231 4230 1302 4287; x_wconf 82' lang='lat' dir='ltr'><strong>Stat.</strong></span> <span class='ocrx_word' id='word_1_299' title='bbox 1321 4230 1386 4287; x_wconf 86' lang='lat' dir='ltr'><strong>Silv.</strong></span> <span class='ocrx_word' id='word_1_300' title='bbox 1406 4231 1457 4301; x_wconf 83' lang='lat' dir='ltr'><strong>lv,</strong></span> <span class='ocrx_word' id='word_1_301' title='bbox 1481 4240 1516 4301; x_wconf 80' lang='lat'><strong>5,</strong></span> 
     </span>
     <span class='ocr_line' id='line_1_40' title="bbox 304 4301 1521 4374; baseline -0.001 -16"><span class='ocrx_word' id='word_1_302' title='bbox 304 4308 337 4358; x_wconf 87' lang='lat' dir='ltr'><strong>ut</strong></span> <span class='ocrx_word' id='word_1_303' title='bbox 355 4303 442 4357; x_wconf 82' lang='lat' dir='ltr'><strong>vitam</strong></span> <span class='ocrx_word' id='word_1_304' title='bbox 460 4301 578 4357; x_wconf 77' lang='lat' dir='ltr'><strong>haberet</strong></span> <span class='ocrx_word' id='word_1_305' title='bbox 597 4308 645 4356; x_wconf 87' lang='lat' dir='ltr'><strong>aut</strong></span> <span class='ocrx_word' id='word_1_306' title='bbox 662 4303 778 4357; x_wconf 78' lang='lat' dir='ltr'><strong>brevem</strong></span> <span class='ocrx_word' id='word_1_307' title='bbox 789 4306 877 4355; x_wconf 87' lang='lat' dir='ltr'><strong>etno·</strong></span> <span class='ocrx_word' id='word_1_308' title='bbox 931 4304 977 4355; x_wconf 80' lang='lat'><strong>17:</strong></span> <span class='ocrx_word' id='word_1_309' title='bbox 999 4302 1076 4357; x_wconf 79' lang='lat' dir='ltr'><strong>»Nou</strong></span> <span class='ocrx_word' id='word_1_310' title='bbox 1094 4304 1169 4357; x_wconf 89' lang='lat' dir='ltr'><strong>mille</strong></span> <span class='ocrx_word' id='word_1_311' title='bbox 1188 4302 1284 4359; x_wconf 84' lang='lat' dir='ltr'><strong>halant</strong></span> <span class='ocrx_word' id='word_1_312' title='bbox 1302 4302 1422 4372; x_wconf 80' lang='lat' dir='ltr'><strong>lanigeri</strong></span> <span class='ocrx_word' id='word_1_313' title='bbox 1441 4322 1521 4374; x_wconf 77' lang='lat' dir='ltr'><strong>gre-</strong></span> 
     </span>
     <span class='ocr_line' id='line_1_41' title="bbox 302 4372 1521 4445; baseline 0.002 -15"><span class='ocrx_word' id='word_1_314' title='bbox 302 4374 388 4430; x_wconf 85' lang='lat' dir='ltr'><strong>bilsm</strong></span> <span class='ocrx_word' id='word_1_315' title='bbox 416 4378 467 4428; x_wconf 75' lang='lat' dir='ltr'><strong>aut</strong></span> <span class='ocrx_word' id='word_1_316' title='bbox 499 4373 612 4444; x_wconf 82' lang='lat' dir='ltr'><strong>longam</strong></span> <span class='ocrx_word' id='word_1_317' title='bbox 646 4376 676 4427; x_wconf 87' lang='lat' dir='ltr'><strong>at</strong></span> <span class='ocrx_word' id='word_1_318' title='bbox 708 4372 877 4443; x_wconf 82' lang='lat' dir='ltr'><strong>ignobilem3</strong></span> <span class='ocrx_word' id='word_1_319' title='bbox 928 4389 978 4442; x_wconf 77' lang='lat' dir='ltr'><strong>gs·</strong></span> <span class='ocrx_word' id='word_1_320' title='bbox 995 4373 1054 4429; x_wconf 85' lang='lat' dir='ltr'><strong>Nec</strong></span> <span class='ocrx_word' id='word_1_321' title='bbox 1072 4390 1156 4429; x_wconf 81' lang='lat' dir='ltr'><strong>vacua</strong></span> <span class='ocrx_word' id='word_1_322' title='bbox 1173 4373 1249 4429; x_wconf 84' lang='lat' dir='ltr'><strong>dulci</strong></span> <span class='ocrx_word' id='word_1_323' title='bbox 1266 4373 1356 4445; x_wconf 76' lang='lat' dir='ltr'><strong>mugit</strong></span> <span class='ocrx_word' id='word_1_324' title='bbox 1372 4373 1521 4433; x_wconf 77' lang='lat' dir='ltr'><strong>sdrsltero</strong></span> 
     </span>
     <span class='ocr_line' id='line_1_42' title="bbox 303 4443 1520 4516; baseline 0.004 -17"><span class='ocrx_word' id='word_1_325' title='bbox 303 4462 389 4516; x_wconf 86' lang='lat' dir='ltr'><strong>quare</strong></span> <span class='ocrx_word' id='word_1_326' title='bbox 407 4461 471 4500; x_wconf 86' lang='lat' dir='ltr'><strong>eum</strong></span> <span class='ocrx_word' id='word_1_327' title='bbox 485 4443 563 4499; x_wconf 84' lang='lat' dir='ltr'><strong>illam</strong></span> <span class='ocrx_word' id='word_1_328' title='bbox 573 4444 762 4514; x_wconf 77' lang='lat' dir='ltr'><strong>praetulisset,</strong></span> <span class='ocrx_word' id='word_1_329' title='bbox 783 4461 877 4515; x_wconf 77' lang='grc' dir='ltr'><strong><em>μινυν-</em></strong></span> <span class='ocrx_word' id='word_1_330' title='bbox 928 4450 998 4499; x_wconf 70' lang='lat' dir='ltr'><strong>oet«</strong></span> <span class='ocrx_word' id='word_1_331' title='bbox 1022 4474 1052 4487; x_wconf 92' lang='lat'><strong>-·</strong></span> <span class='ocrx_word' id='word_1_332' title='bbox 1073 4448 1113 4500; x_wconf 74' lang='lat' dir='ltr'><strong>aa</strong></span> <span class='ocrx_word' id='word_1_333' title='bbox 1132 4445 1243 4514; x_wconf 76' lang='lat' dir='ltr'><strong>tinctas]</strong></span> <span class='ocrx_word' id='word_1_334' title='bbox 1259 4448 1358 4500; x_wconf 72' lang='lat' dir='ltr'><strong>Becker</strong></span> <span class='ocrx_word' id='word_1_335' title='bbox 1378 4444 1452 4501; x_wconf 79' lang='lat' dir='ltr'><strong>Gall.</strong></span> <span class='ocrx_word' id='word_1_336' title='bbox 1479 4448 1520 4504; x_wconf 92' lang='lat' dir='ltr'><strong>T.</strong></span> 
     </span>
     <span class='ocr_line' id='line_1_43' title="bbox 302 4511 1520 4591; baseline 0.005 -22"><span class='ocrx_word' id='word_1_337' title='bbox 302 4511 402 4574; x_wconf 71' lang='grc' dir='ltr'><strong><em>θάδιος</em></strong></span> <span class='ocrx_word' id='word_1_338' title='bbox 426 4516 517 4570; x_wconf 81' lang='lat' dir='ltr'><strong>lactus</strong></span> <span class='ocrx_word' id='word_1_339' title='bbox 539 4521 584 4571; x_wconf 84' lang='lat' dir='ltr'><strong>ast</strong></span> <span class='ocrx_word' id='word_1_340' title='bbox 609 4516 701 4586; x_wconf 83' lang='lat' dir='ltr'><strong>(Hom.</strong></span> <span class='ocrx_word' id='word_1_341' title='bbox 720 4515 753 4569; x_wconf 90' lang='lat'><strong>11.</strong></span> <span class='ocrx_word' id='word_1_342' title='bbox 772 4515 793 4579; x_wconf 93' lang='lat'><strong>1,</strong></span> <span class='ocrx_word' id='word_1_343' title='bbox 812 4518 873 4570; x_wconf 75' lang='lat'><strong>852.</strong></span> <span class='ocrx_word' id='word_1_344' title='bbox 925 4516 962 4584; x_wconf 84' lang='lat'><strong>11,</strong></span> <span class='ocrx_word' id='word_1_345' title='bbox 979 4532 1007 4586; x_wconf 91' lang='lat' dir='ltr'><strong>p.</strong></span> <span class='ocrx_word' id='word_1_346' title='bbox 1017 4518 1067 4571; x_wconf 82' lang='lat'><strong>96:</strong></span> <span class='ocrx_word' id='word_1_347' title='bbox 1099 4514 1158 4571; x_wconf 80' lang='lat' dir='ltr'><strong>»Da</strong></span> <span class='ocrx_word' id='word_1_348' title='bbox 1176 4516 1221 4571; x_wconf 87' lang='lat' dir='ltr'><strong>dio</strong></span> <span class='ocrx_word' id='word_1_349' title='bbox 1238 4515 1337 4583; x_wconf 76' lang='lat' dir='ltr'><strong>ishrigs</strong></span> <span class='ocrx_word' id='word_1_350' title='bbox 1358 4516 1520 4591; x_wconf 84' lang='lat' dir='ltr'><strong>Kleidung</strong></span> 
     </span>
     <span class='ocr_line' id='line_1_44' title="bbox 302 4586 1516 4659; baseline 0.007 -20"><span class='ocrx_word' id='word_1_351' title='bbox 302 4586 350 4651; x_wconf 85' lang='grc' dir='ltr'>ΙΧ,</span> <span class='ocrx_word' id='word_1_352' title='bbox 367 4590 421 4640; x_wconf 78' lang='lat'><strong>410</strong></span> <span class='ocrx_word' id='word_1_353' title='bbox 439 4586 520 4657; x_wconf 80' lang='lat' dir='ltr'><strong>sqq).</strong></span> <span class='ocrx_word' id='word_1_354' title='bbox 550 4615 580 4627; x_wconf 94' lang='grc'>-</span> <span class='ocrx_word' id='word_1_355' title='bbox 610 4588 732 4659; x_wconf 67' lang='lat' dir='ltr'><strong>Tithono]</strong></span> <span class='ocrx_word' id='word_1_356' title='bbox 758 4586 873 4641; x_wconf 81' lang='lat' dir='ltr'><strong>baoma-</strong></span> <span class='ocrx_word' id='word_1_357' title='bbox 910 4588 1062 4645; x_wconf 78' lang='lat' dir='ltr'><strong>durehsus</strong></span> <span class='ocrx_word' id='word_1_358' title='bbox 1072 4589 1152 4643; x_wconf 80' lang='lat' dir='ltr'><strong>weiss</strong></span> <span class='ocrx_word' id='word_1_359' title='bbox 1168 4590 1230 4643; x_wconf 83' lang='lat' dir='ltr'><strong>sain</strong></span> <span class='ocrx_word' id='word_1_360' title='bbox 1247 4591 1363 4654; x_wconf 76' lang='lat' dir='ltr'><strong>museto,</strong></span> <span class='ocrx_word' id='word_1_361' title='bbox 1383 4605 1416 4643; x_wconf 87' lang='lat' dir='ltr'><strong>so</strong></span> <span class='ocrx_word' id='word_1_362' title='bbox 1431 4588 1516 4647; x_wconf 80' lang='lat' dir='ltr'><strong>liass</strong></span> 
     </span>
    </p>
   </div>
   <div class='ocr_carea' id='block_1_11' title="bbox 0 0 1569 5225">
    <p class='ocr_par' dir='ltr' id='par_1_11' title="bbox 0 0 1569 5225">
     <span class='ocr_line' id='line_1_45' title="bbox 0 0 1569 5225; baseline 0 0"><span class='ocrx_word' id='word_1_363' title='bbox 0 0 1569 5225; x_wconf 95' lang='lat' dir='ltr'><strong> </strong></span> 
     </span>
    </p>
   </div>
  </div>
 </body>
</html>
