3125 5225
278 247 341 312 4721
738 243 1011 315 SATIRARUM

329 430 463 531 Longe
489 432 712 510 dissimilem
738 446 829 510 noto
856 435 1019 512 celantia
1042 460 1200 535 sucum3

328 556 378 633 Ut
403 557 465 633 vel
491 557 672 634 continuo
698 559 833 655 patuit,
857 585 945 636 oum
970 561 1133 659 passeris
1158 575 1277 664 atque

277 709 302 750 oo
326 680 524 780 Ingustata
549 683 643 760 mihi
666 698 891 782 porrexerat
915 686 984 764 ilia
1009 687 1173 766 rhombi.

327 804 418 880 Post
442 805 517 884 hoc
542 834 605 884 me
630 808 763 885 docuit
787 809 981 886 melimela
1004 813 1146 890 rubere
1170 812 1361 888 minorem

328 927 392 1005 Ad
417 931 549 1009 lunam
576 934 745 1012 delecta:
774 935 869 1035 quid
894 937 969 1012 boo
993 937 1153 1034 intersit,
1179 937 1339 1036 abipso

328 1053 508 1132 Audieris
533 1057 681 1133 melius.
732 1060 832 1136 Tum
858 1058 1033 1137 Vibidius
1059 1059 1275 1136 Balatroni:

326 1180 405 1255 Nos
431 1181 504 1258 nisi
528 1181 712 1263 damnose
737 1183 915 1274 bibimus,
938 1185 1147 1260 moriemur
1171 1183 1310 1281 inulti3

260 1337 302 1378 a
327 1305 375 1379 Et
400 1304 536 1383 calices
562 1308 685 1402 poscit
710 1308 885 1387 maiores.
937 1309 1099 1386 Vertere
1124 1301 1253 1408 pallor

327 1429 426 1504 Tum
451 1430 610 1529 parochi
635 1431 774 1509 faciem
799 1433 855 1509 nil
878 1433 933 1510 sic
959 1435 1161 1512 metuentis
1187 1449 1230 1511 ut
1252 1463 1358 1514 acres

328 1553 499 1650 Potoros,
524 1555 587 1630 vel
613 1556 720 1657 quod
742 1556 977 1634 maledicunt
1001 1558 1161 1656 liberius
1189 1560 1251 1637 vel

328 1677 494 1759 Fervida
520 1681 625 1781 quod
651 1683 791 1760 subtile
818 1684 1024 1762 exsurdant
1049 1687 1138 1766 vina
1162 1687 1343 1787 palatum.

325 1802 527 1882 Invertunt
552 1803 733 1884 Allifanis
760 1809 907 1885 visana
931 1822 1011 1886 tota

278 1961 305 2002 n
328 1929 506 2006 Vibidius
533 1931 777 2032 Balatroque,
805 1935 943 2010 secutis
970 1936 1169 2033 omnibus;
1195 1937 1264 2014 imi

330 2055 525 2134 Convivae
545 2056 635 2134 lecti
660 2057 825 2134 nihilum
850 2085 1018 2137 nocuere
1041 2060 1200 2160 lagenis.
1250 2140 1255 2149 „

329 2177 499 2257 Affertur
520 2181 679 2282 squillas
702 2183 802 2258 inter
826 2210 1010 2274 muraena
1038 2197 1211 2262 natantes

123 2281 129 2288 '
178 2313 184 2324 ·
252 2334 254 2337 v
327 2303 374 2378 In
383 2307 709 2406 Patinaporreota.
724 2308 804 2385 Sub
813 2309 1325 2410 hooherusfflacegravidb
1335 2312 1478 2414 inqffit’

330 2428 452 2526 Capta
476 2445 543 2527 est,
571 2430 738 2508 deterior
762 2446 851 2533 post
874 2447 1027 2533 partum
1054 2461 1169 2513 earne
1195 2435 1335 2512 scurra.

239 2627 244 2639 ,
278 2583 304 2625 a
329 2551 401 2629 His
427 2554 587 2632 mixtum
611 2557 670 2633 ius
698 2571 769 2656 eet,
798 2558 895 2657 oleo,
925 2557 1030 2661 quod
1054 2559 1181 2659 prima
1203 2559 1365 2637 Venafri

327 2677 468 2754 Pressit
494 2679 605 2778 cella;
634 2706 727 2781 garo
756 2682 805 2759 de
831 2682 929 2759 sucis
954 2683 1069 2782 piscis
1092 2683 1248 2781 Hiberi3

328 2802 430 2879 Vino
456 2806 707 2907 quinquenni,
737 2834 871 2884 verum
898 2809 995 2885 citra
1015 2832 1121 2885 mare
1146 2821 1248 2906 nato,

327 2928 430 3005 Dum
456 2930 633 3030 coquitur
656 2966 707 2983 —a
732 2945 840 3033 cocto
867 2932 1006 3011 Chium
1033 2933 1087 3009 sic
1113 2932 1302 3031 convenit,
1330 2945 1372 3009 ut
1398 2961 1479 3011 non
1556 3004 1557 3007 ,

328 3053 416 3131 Hoc
429 3056 551 3155 magis
564 3056 686 3133 ullum
700 3055 883 3153 aliud—3
905 3057 1040 3156 pipere
1053 3056 1153 3156 albo,
1168 3084 1247 3134 non
1258 3058 1342 3138 sine
1355 3071 1477 3156 aceto,

278 3208 304 3251 so
330 3176 446 3273 Quod
469 3181 778 3281 Methymnaeam
803 3180 896 3257 vitio
922 3183 1128 3258 mutaverit
1153 3209 1279 3259 uvam.
1556 3170 1557 3175 ¹

279 3378 388 3435 culinae
405 3374 557 3443 NasidIeni
584 3376 655 3431 nihil
674 3376 850 3447 sentiebant;
905 3407 933 3418 -
952 3378 1127 3447 meledicunt]
1146 3379 1180 3435 oi.
1200 3378 1258 3435 sit
1275 3381 1304 3449 1,
1319 3383 1351 3447 t,
1371 3384 1418 3437 89.
1442 3412 1478 3425 -

278 3466 368 3520 neque
376 3448 466 3519 magis
479 3448 691 3505 delectabantur
709 3448 850 3505 intestinis
902 3452 1047 3517 Allifanis]
1075 3449 1199 3505 Maiores
1221 3450 1321 3508 oalioes
1342 3452 1418 3508 dieti
1442 3455 1478 3509 ab

278 3523 405 3591 piscium,
425 3536 495 3589 quae
516 3518 583 3575 alias
602 3536 659 3575 non
672 3522 851 3592 apponeban-
899 3518 1001 3584 Ailifis,
1018 3520 1123 3577 Samnii
1143 3521 1256 3593 oppido.
1274 3523 1478 3581 Ammudvorte

277 3596 335 3657 tur,
354 3590 516 3646 Fundanius
528 3593 850 3661 certeanteanunquam
899 3588 1022 3647 iocosam
1089 3592 1207 3648 vitatem
1223 3592 1312 3664 ipsius
1324 3610 1477 3651 venua-

332 3664 637 3737 iuverat-panerio]
656 3662 850 3719 Pleuroneotis
899 3666 949 3717 int
973 3610 1269 3733 iectileiomentenus
1293 3671 1324 3722 et
1348 3666 1477 3734 Porcius,

303 3734 354 3790 lesi
372 3732 451 3799 aun,
469 3763 505 3775 -
522 3738 636 3803 riomtil
658 3733 714 3790 Sat.
722 3734 744 3803 1,
752 3737 848 3801 2116.
899 3732 1008 3790 scilicet
1037 3752 1073 3789 ne
1099 3738 1215 3805 gustum
1242 3737 1298 3793 sibi
1321 3737 1477 3808 perderent

278 3806 315 3873 11,
335 3810 360 3870 2,
380 3806 424 3860 95.
444 3834 479 3845 -
500 3806 646 3877 melimela]
667 3805 740 3861 Plin.
758 3804 793 3861 Η.
813 3805 848 3861 Ν.
899 3822 969 3859 neve
1002 3805 1185 3862 Nasidienum
1218 3808 1323 3865 aeriter
1349 3808 1477 3866 bibendo

278 3877 338 3947 XV,
347 3876 394 3931 15:
418 3880 541 3931 »mustea
558 3877 651 3947 (mala)
669 3894 686 3931 a
705 3877 850 3933 celeritate
900 3875 1128 3933 offendereni.—
1142 3878 1196 3949 tiu]
1217 3879 1288 3946 oleo,
1308 3896 1388 3952 gero,
1409 3880 1476 3936 vino

278 3945 451 4014 mitescendi‚
475 3965 546 4017 queo
565 3965 639 4003 nunc
656 3950 793 4004 melimela
809 3948 850 4003 di·
900 3947 1358 4020 ootef.sa.11,e,oa.-vmrn
1384 3952 1476 4007 Germ

278 4022 381 4077 cuntur
399 4036 416 4073 e
435 4036 536 4091 sapore
554 4020 678 4075 mellea«
701 4019 765 4089 Nou
783 4023 850 4076 sunt
899 4018 935 4083 11,
949 4021 976 4086 6,
995 4022 1037 4075 15.
1062 4049 1097 4061 -
1114 4021 1195 4094 paro]
1213 4020 1285 4077 Plin.
1393 4026 1474 4093 ,fliz

279 4088 686 4161 malaCydonia(Quitten).-
709 4094 762 4146 Nor
780 4088 848 4163 atsi]
902 4090 1022 4145 »Garum
1047 4108 1122 4147 nunc
1145 4094 1309 4149 esoombro
1347 4092 1354 4105 '
1388 4094 1476 4152 'lau-

277 4160 850 4234 Perpetuaomniumciborumlendctioue
899 4160 1304 4236 datiseimumiuKertbaginis
1334 4166 1476 4235 portariae

278 4234 489 4317 impudentique
523 4233 657 4289 iactantia
689 4232 795 4289 domini
821 4237 851 4289 et
900 4232 1037 4289 neurim«
1055 4232 1203 4307 Karthago
1216 4236 1360 4306 Spartaria
1374 4236 1476 4293 seffli-

279 4321 339 4361 etus
358 4322 498 4361 sociorum
516 4304 639 4360 convivis
661 4304 786 4360 taedium
803 4321 851 4374 pa·
900 4305 1022 4375 spaniae,
1041 4306 1107 4375 quia
1124 4305 1256 4377 frequens
1274 4306 1317 4363 ibi
1329 4306 1386 4363 fuit
1395 4325 1474 4378 spur.
1556 4338 1557 4345 κ

279 4380 374 4445 ratur3
394 4393 481 4447 quare
490 4374 617 4431 Vibidius
632 4376 690 4431 aori
706 4376 851 4446 potatione
899 4378 968 4431 tum.
989 4407 1021 4417 -
1040 4376 1196 4449 metauris]
1214 4377 1249 4433 cl.
1260 4377 1364 4445 ΜΠ,
1383 4384 1409 4446 2,
1427 4380 1474 4435 58.

280 4448 414 4503 ultionem
425 4464 558 4518 quaerere
566 4446 719 4503 constituit.
731 4446 850 4519 civirg.
905 4450 978 4503 Vitio
996 4452 1041 4503 est
1059 4447 1180 4518 datium
1197 4448 1228 4505 in
1244 4448 1345 4505 vitium
1362 4450 1382 4505 'a
1400 4468 1423 4506 e.
1443 4451 1474 4505 iu

280 4518 350 4575 Aen.
368 4518 403 4586 ll,
420 4521 480 4574 670.
507 4516 555 4585 IV,
572 4520 635 4577 659.
663 4547 699 4559 -
725 4518 849 4591 paroch]
899 4534 1019 4585 tuorem.
1037 4550 1070 4560 -
1083 4520 1192 4649 merted
1209 4536 1226 4576 e
1243 4521 1326 4587 vnis.
1344 4520 1395 4577 ubi
1413 4522 1473 4577 sule

279 4590 373 4647 iocose
390 4588 509 4661 dietum
529 4588 593 4648 vide
610 4590 648 4649 ad
665 4588 723 4648 sn.
734 4588 755 4657 1,
766 4591 792 4657 ὅ,
803 4591 849 4647 io.
899 4589 1008 4649 conditi
1024 4594 1055 4649 et
1073 4590 1168 4663 repon
1199 4588 1323 4663 suenni,
1341 4608 1406 4651 erm
1420 4610 1475 4650 sua
1556 4590 1557 4593 ’
