3125 5225
478 321 566 388 LIB.
584 321 633 388 11.
654 321 794 390 OARM.
818 322 858 387 V.

275 511 439 606 Cervius,
466 510 637 586 nondum
663 511 1008 608 munie'eomperis

322 633 502 736 Aequore
526 661 599 711 nee
623 637 722 712 tauri
749 637 894 713 ruentis

368 761 413 834 ln
426 787 618 840 ,venerem
646 761 811 836 tolerare
835 759 998 860 pondus.

240 911 381 989 sCiroe
405 909 569 984 virentes
594 923 652 984 est
675 910 824 984 enimus
850 921 938 984 triae

270 1034 434 1132 Campos
461 1035 646 1110 iuvencae
670 1059 770 1109 nune
795 1034 920 1108 fluviis
949 1060 1106 1132 gravem

316 1157 481 1234 solanus
504 1172 661 1255 aestum,
682 1185 783 1234 nune
809 1161 848 1233 in
877 1159 955 1233 udo

366 1264 520 1360 Ludere
544 1309 631 1359 oum
656 1283 788 1358 vitulis
814 1283 945 1358 salicto

259 1431 566 1531 Praegestientis.
616 1435 727 1510 Tolle
752 1433 972 1532 cupidinem

227 1591 251 1628 e
267 1556 432 1632 Immitis
456 1584 574 1634 uvae:
601 1562 678 1634 iem
704 1561 775 1635 tibi
801 1559 941 1634 lividos

315 1682 535 1780 Distinguet
560 1681 810 1764 Auetumnus
826 1709 996 1758 racemos

365 1806 564 1904 Purpureo
589 1809 717 1883 verius
744 1807 883 1882 coloro.

262 1951 347 2026 Iam
373 1963 410 2028 te
432 1965 630 2050 sequetur:
658 1955 776 2028 eurrit
803 1955 901 2029 enim
931 1959 1040 2032 ferox

262 2073 382 2150 Aetas
408 2089 445 2151 et
469 2075 527 2152 illi
548 2102 645 2176 quos
667 2078 737 2153 tibi
758 2078 965 2177 dempserit

218 2231 243 2268 rs
314 2199 498 2299 Apponet
523 2229 664 2278 annos:
688 2205 765 2279 iam
792 2217 971 2302 proterva

364 2327 505 2402 Fronte
529 2340 635 2426 petet
658 2327 804 2426 Lalage
828 2331 1019 2426 maritum,

259 2474 420 2570 Dilecta,
449 2490 634 2575 quantum
659 2503 737 2552 non
762 2477 908 2556 Pholoe
935 2483 1063 2578 fugax,

261 2599 352 2676 Non
380 2600 533 2678 Chloris
559 2599 647 2677 albo
672 2602 727 2677 sio
751 2602 912 2680 humero
938 2607 1073 2703 nitens,

310 2725 362 2804 Ut
385 2752 483 2843 pure
506 2740 693 2803 nocturno
718 2729 871 2805 renidet
940 2718 947 2735 ⁸

215 2883 243 2921 πο
365 2850 476 2926 Luna
498 2852 606 2948 mari,
631 2851 840 2929 Cnidiusve
866 2856 1006 2953 Gyges,

261 3000 388 3093 Quem
414 3000 447 3075 si
472 2998 688 3096 puellarum
713 2998 899 3077 insereres
926 3002 1054 3097 ehoro,

78 3252 116 3305 sed
132 3254 278 3325 ffigieniis:
307 3258 393 3324 eique
411 3269 444 3308 eo
464 3252 556 3306 utitur
572 3268 637 3306 oon·
685 3253 780 3307 ritetis
798 3254 920 3323 primum
938 3254 1079 3311 indicium.
1108 3256 1176 3310 Cum
1197 3257 1257 3311 uvis

77 3324 204 3380 mistionis
222 3342 332 3397 genere
350 3342 405 3395 qno
424 3324 521 3395 vulpes
546 3324 575 3377 in
597 3323 636 3377 ie-
685 3327 713 3379 et
731 3322 869 3379 fructibus
889 3326 974 3380 etiem
984 3326 1158 3383 Auotumnus
1180 3327 1256 3382 uolo·

77 3393 137 3447 buis.
179 3397 258 3465 Quae
280 3414 347 3453 eum
364 3396 448 3451 eitius
466 3394 635 3464 pendentem
683 3398 839 3465 remqussi
860 3401 958 3463 mutet,
978 3414 1064 3468 quere
1083 3398 1190 3468 etipse
1210 3420 1255 3453 va-

78 3482 141 3520 urum
157 3466 288 3524 saliendo
305 3468 436 3538 deripere
453 3483 509 3520 non
528 3466 635 3535 potuis·
684 3471 743 3520 rius
764 3488 900 3539 purpureo
912 3468 1001 3523 colore
1013 3469 1116 3523 dieitur
1135 3468 1162 3523 h.
1174 3487 1197 3523 e.
1208 3470 1255 3539 qui

75 3540 114 3599 sei,
129 3538 238 3594 tandem
259 3538 316 3595 sibi
340 3539 402 3611 ipse
427 3538 569 3609 persuasit
584 3538 635 3590 im·
683 3537 777 3591 verius
800 3542 845 3593 est
870 3540 1041 3595 transeundo
1069 3556 1085 3593 e
1108 3540 1191 3597 viridi
1211 3558 1255 3597 oo-

75 3614 193 3664 nsturem
204 3628 268 3665 eam
281 3628 344 3666 esse
362 3610 479 3665 necdum
498 3609 534 3662 ed
552 3609 634 3663 eden·
683 3610 743 3663 lore
760 3609 790 3663 in
807 3626 987 3680 purpureum.
1038 3612 1071 3666 of.
1091 3612 1170 3669 ovid.
1188 3613 1254 3667 Met.

74 3677 125 3735 dum
141 3682 208 3737 setis
228 3684 348 3749 mitem3
370 3682 436 3736 dum
455 3683 634 3747 maturescet,
682 3678 732 3743 111,
749 3683 802 3733 482
823 3698 882 3751 sqq.
915 3682 983 3736 Trio
999 3682 1173 3738 substent-ire
1192 3700 1256 3738 eum

73 3748 127 3805 elles
143 3770 201 3809 esse
289 3753 370 3808 ndes.
387 3754 430 3807 De
448 3742 553 3821 Lalage
570 3750 634 3807 vide
683 3750 741 3804 suis
767 3750 914 3807 adiectivis
939 3753 1088 3810 artificiose
1112 3754 1253 3825 disposuit

73 3820 99 3873 td
114 3823 197 3879 Cam
230 3866 237 3893 ,
259 3826 305 3883 19.
682 3822 736 3877 hoe
752 3823 892 3877 schemate

683 3894 756 3934 lividos
761 3898 884 3935 suetonum
893 3906 983 3937 mesmes
991 3895 1096 3944 Purpureo
1110 3900 1177 3937 verius
1189 3898 1256 3937 eolors

99 3933 127 3985 V.
140 3940 234 3993 lmle.
284 3936 453 4007 Meieplrore
480 3940 593 4006 sumpte
616 3955 634 3991 e

73 4019 140 4060 mer
154 4009 282 4063 nondum
293 4008 399 4073 eduin,
417 4008 448 4061 in
466 4008 633 4077 antiquitate
702 3965 1234 4107 w

72 4076 165 4147 ΝΜ,
182 4098 201 4135 e
217 4079 331 4135 nostris
342 4079 469 4133 moribus
477 4078 577 4134 eliens.
597 4081 632 4134 os.

72 4145 146 4203 Cum.
162 4151 360 4221 111‚11‚osq.
377 4180 413 4193 -·
430 4153 577 4221 conparis]
596 4151 632 4205 ed
681 4151 816 4206 ostilam.
827 4149 847 4214 l,
867 4153 892 4215 9,
910 4153 943 4204 21
963 4169 1003 4221 sq.
1032 4150 1080 4213 ΙΙΙ,
1101 4155 1143 4216 11,
1160 4156 1194 4207 26
1213 4170 1253 4223 sq.

73 4215 237 4294 duringum
245 4222 347 4286 vineti,
365 4222 475 4293 iugulis.
494 4221 630 4277 eicerm.
682 4224 717 4286 ΙΙ,
738 4225 779 4285 15,
801 4224 832 4275 14
851 4238 892 4291 sq.
912 4250 943 4261 -
969 4222 1076 4293 lividos]
1096 4223 1253 4294 subnigros.

71 4286 508 4364 L33.ll.-niantie]leventis‚
528 4294 632 4349 exstin·
685 4326 717 4335 -
735 4299 815 4362 feror
833 4294 921 4362 aeras]
946 4298 1056 4363 tempus
1076 4292 1251 4359 indomitum,

71 4365 173 4426 rurus
196 4394 232 4407 -
267 4364 301 4419 V.
314 4368 357 4419 ll.
383 4368 547 4419 decimes
585 4364 631 4420 hio
681 4366 756 4436 quod
773 4363 881 4419 tardari
899 4364 997 4433 nequii
1013 4366 1166 4437 -Pleoloel
1180 4365 1252 4422 idem
1332 4412 1348 4421 .

70 4436 332 4497 namnetorum
357 4434 466 4498 induit,
489 4439 522 4490 ut
540 4365 630 4505 llpod.
680 4453 780 4492 nomen
805 4436 893 4489 Germ.
914 4434 941 4501 1,
960 4438 1004 4498 33,
1021 4439 1045 4488 7.
1081 4434 1136 4501 ΙΙΙ,
1156 4439 1198 4501 15,
1218 4441 1253 4509 ⁷3

71 4504 149 4574 2183
167 4508 287 4563 ineunte
301 4511 451 4562 nnetumno
467 4524 546 4573 usne,
563 4508 630 4561 olim
680 4514 766 4579 [equs
785 4507 880 4562 eedem
899 4523 970 4575 quoe
988 4506 1009 4569 Ι,
1028 4509 1077 4573 33,
1101 4508 1118 4560 6
1142 4527 1250 4577 aspera.

71 4573 300 4642 wamiam,
318 4578 422 4632 sensim
434 4582 582 4633 transeunt
600 4578 631 4633 in
681 4609 714 4619 -
746 4578 900 4647 Cnidiusve]
934 4581 969 4631 Ve
995 4577 1134 4647 partionis
1159 4578 1251 4649 Gyges

71 4660 224 4717 murm
242 4650 378 4714 celerem,
397 4648 472 4719 quod
488 4654 631 4705 estmetu-
679 4666 790 4721 quoque
801 4667 863 4704 eum
870 4646 1176 4719 Lelegeeomperetur3
1187 4668 1251 4707 nem
