3125 5225
286 237 350 304 504
727 228 1065 310 EPISTOLARUM'

339 426 491 517 Quaere
514 427 648 525 fugam
674 427 810 510 morbi.
833 425 898 502 Vis
925 440 1029 505 recte
1054 427 1202 508 vivere:
1226 427 1311 527 quis
1336 430 1444 505 non?

285 579 311 618 ευ
337 548 378 625 si
402 549 521 624 virtus
547 549 621 624 hoc
647 575 725 624 una
749 562 876 648 potest
902 549 1006 648 dare,
1032 551 1141 628 fortis
1167 550 1313 631 omissis

334 673 422 748 Hoc
448 696 520 771 age
546 671 702 750 deliciis.
749 672 944 748 Virtutem
966 674 1085 748 verba
1106 687 1218 771 putas
1243 686 1281 750 et

337 797 485 873 Lucum
508 798 633 896 ligna:
662 821 754 874 cavc
780 823 830 876 ne
854 810 987 896 portus
1012 811 1176 894 occupet
1197 798 1306 894 alter,

335 921 393 998 Nc
420 921 649 1019 Cibyratica,
675 947 725 997 ne
751 922 919 1022 Bithyna
943 923 1100 1022 negotia
1123 922 1280 1019 perdas;

303 1117 305 1122 ,
335 1046 444 1122 Mille
470 1045 611 1122 talenta
632 1045 901 1143 retundentur,
928 1045 1089 1122 totidem
1113 1045 1246 1142 altera,
1271 1073 1390 1143 porro
1415 1060 1452 1126 et

284 1203 309 1245 a
336 1172 465 1249 Tertia
490 1170 697 1248 succedant
723 1184 761 1246 et
788 1196 886 1269 quae
912 1197 1001 1270 pars
1028 1170 1193 1269 quadrat
1216 1196 1410 1250 acervum.

335 1300 490 1378 Scilicet
516 1322 675 1372 uxorem
702 1321 789 1373 cum
814 1295 904 1372 dote
928 1295 1124 1394 fidemque
1152 1309 1190 1372 et
1211 1297 1356 1374 amicos

333 1426 381 1499 Et
403 1449 523 1522 genus
550 1433 587 1498 at
612 1423 779 1499 formam
804 1421 942 1520 regina
965 1420 1136 1499 Pecunia
1160 1419 1291 1515 donat,
1332 1487 1341 1498 .

335 1547 397 1624 Ac
421 1548 520 1623 benc
545 1557 781 1622 nummatum
808 1545 964 1621 decorat
986 1543 1153 1622 Suadela
1177 1545 1397 1644 Venusque.

334 1673 538 1770 Manoipiis
564 1669 735 1769 locuples
760 1681 848 1768 eget
868 1669 966 1744 aeris
994 1669 1269 1768 Cappadocum
1294 1695 1382 1746 rent

285 1833 311 1872 o
335 1798 393 1872 Ne
418 1797 536 1872 fueris
564 1795 626 1872 hic
651 1809 704 1870 tu.
759 1793 991 1893 Ohlamydes
1011 1793 1210 1892 Lucullus,
1235 1806 1279 1869 ut
1303 1794 1422 1890 aiunt,

335 1921 376 1998 si
401 1934 530 2018 posset
556 1932 707 1998 centum
733 1943 870 1995 scenae
894 1919 1082 2017 praebere
1111 1932 1278 2019 rogatus,

337 2045 413 2138 Qui
424 2071 580 2144 possum
594 2049 675 2122 tot?
695 2045 764 2142 ait3
783 2057 909 2120 tamen
926 2058 965 2120 et
975 2069 1157 2143 quaeram
1171 2058 1209 2122 et
1223 2057 1316 2144 quot
1328 2043 1476 2121 habebo

337 2171 507 2248 Mittam:
532 2181 622 2268 post
647 2167 762 2267 paulo
788 2166 931 2264 scribit,
957 2167 1034 2243 sibi
1054 2167 1163 2244 milia
1187 2169 1363 2267 quinque

334 2296 426 2369 Esse
451 2291 556 2367 domi
581 2291 846 2393 chlamydum
873 2302 1024 2390 partem
1049 2290 1111 2368 vel
1136 2289 1291 2368 tolleret
1313 2317 1456 2368 omnes.

285 2452 310 2492 υ
335 2420 454 2494 Exilis
481 2417 616 2492 domus
645 2431 710 2513 est,
735 2417 803 2492 ubi
823 2441 902 2490 non
931 2429 969 2491 et
994 2397 1115 2494 multa
1134 2429 1338 2516 supersunt

291 2589 351 2640 ενολ
375 2577 531 2653 ἀναβοήσας
557 2581 636 2639 τοῦτο
662 2577 697 2651 δὴ
724 2577 755 2636 τὸ
780 2575 860 2670 ‘qu
908 2575 1032 2637 κάλλιστε
1049 2574 1478 2655 καλλμεροένταιεπᾶνιων.Σὺν

286 2661 384 2725 νλειον,
413 2647 443 2711 Ὠ
467 2656 572 2728 τλῆμον
595 2650 683 2727 ἀρετὴ,
712 2650 794 2745 λόχος
816 2654 859 2725 αρ’
908 2656 952 2708 ool
979 2656 1025 2707 καλ
1048 2652 1130 2714 κακὸς
1157 2648 1196 2711 ὢν
1221 2658 1302 2727 γλγνο
1325 2674 1356 2707 su
1379 2653 1476 2713 ἐσθλὸς

284 2721 369 2798 ἦσθ’·
394 2724 449 2817 tyri
474 2727 509 2781 δέ
530 2740 562 2779 σε
579 2723 621 2786 Ὡς
646 2726 728 2796 ἔργον
745 2740 859 2793 scacos·
907 2720 1303 2796 ἂνὴμι-Οαρροάοουεεεευ
1333 2724 1478 2781 Gumhasc

286 2799 321 2855 οὐ
341 2801 367 2854 d’
392 2800 435 2869 αρ’
459 2791 596 2856 ἐδούλευες
623 2790 705 2872 τύχῃ·
736 2793 859 2867 neeess—
908 2797 1027 2867 epistola
1037 2796 1217 2864 scriberetur,
1226 2796 1475 2866 regnabatinCsp-

286 2876 351 2927 λεσέ
369 2890 430 2928 τινα
454 2870 511 2925 τῶν
536 2863 682 2935 συνόντων,
711 2872 756 2923 ἵνα
776 2864 860 2923 αὐτὸν
906 2867 1026 2938 padocia
1042 2864 1210 2935 Archelaum
1233 2866 1270 2922 ds
1286 2868 1368 2923 cuius
1387 2868 1477 2922 daces·

285 2940 457 3015 ἀποκτείνῃ]
488 2972 517 2981 -
550 2938 650 3011 locam]
679 2938 729 2993 sed
756 2956 859 2994 numen
907 2956 971 2994 scre
990 2938 1086 2995 (licere
1106 2938 1220 3008 scripsit
1237 2938 1275 2993 ad
1292 2938 1435 3004 nsuavt
1448 2942 1476 2991 1:

286 3018 330 3069 est
350 3014 380 3068 in
398 3015 462 3067 luco
479 3016 509 3065 st
521 3010 722 3079 sacrilegorum
733 3027 788 3065 vox
807 3015 857 3080 est,
909 3009 1002 3064 »Nihil
1032 3010 1080 3064 illo
1105 3026 1193 3080 regno
1221 3009 1386 3091 spoliatius,
1411 3009 1476 3065 nibil

286 3085 381 3141 lucum
398 3082 467 3140 nihil
485 3098 545 3136 esse
563 3082 617 3135 nisi
636 3078 720 3151 ligna
745 3110 781 3123 -
814 3086 860 3137 σε’-
907 3099 975 3153 rego
992 3080 1137 3151 egentius«
1159 3086 1190 3135 ct
1205 3080 1313 3137 ibide:
1334 3081 1479 3137 »adobu-

286 3157 418 3226 bpraa'ca]
444 3154 546 3225 Cibyra
565 3152 633 3207 urbs
651 3152 788 3222 Phrygiae
803 3169 861 3207 ms·
908 3170 998 3217 sanes,
1017 3163 1067 3207 rex
1085 3168 1269 3221 perpauper«
1310 3150 1417 3208 Romae
1433 3169 1477 3207 aa·

287 3242 358 3297 gnae
382 3228 500 3297 propter
524 3224 693 3279 ferramenta
711 3224 858 3280 celebrata
907 3227 965 3279 tsm
980 3224 1062 3278 multi
1071 3226 1152 3278 erant
1162 3240 1197 3277 cx
1206 3222 1385 3293 Cappadocia
1397 3223 1476 3287 servi,

286 3298 325 3352 Et
344 3298 379 3352 oi.
393 3296 609 3361 Osrm.lll,'l‚3.
622 3324 653 3335 -
666 3296 793 3365 quadrat]
814 3296 860 3350 Sic
907 3292 958 3349 sed
976 3294 1062 3350 rudes
1078 3296 1108 3349 et
1127 3292 1205 3350 viles.

287 3368 465 3424 scribendum
483 3372 528 3421 est
545 3382 580 3421 ex
600 3367 769 3421 auctoritate
788 3366 860 3439 opti·
942 3364 974 3420 V.
984 3369 1027 3421 40.
1070 3368 1108 3421 Nc
1126 3363 1224 3434 [υευλε]
1240 3362 1293 3419 Ille
1311 3363 1400 3435 igitur
1413 3380 1477 3435 pau·

286 3456 397 3495 morum
413 3439 547 3494 codicum.
579 3436 776 3492 Coniunctivus
795 3434 860 3507 qia-
908 3436 1049 3505 perrimus
1067 3453 1117 3490 rex
1139 3435 1244 3491 malum
1262 3441 1307 3491 ast
1323 3437 1476 3506 exemplum

286 3514 360 3575 strae,
408 3526 469 3564 uem
501 3508 696 3581 praetulerurrt
721 3508 858 3580 Krueger.
907 3506 1087 3577 divitiarum
1109 3525 1197 3577 quare
1216 3506 1260 3563 fac
1276 3505 1395 3581 colligas
1413 3524 1477 3577 opes

285 3528 517 3652 Hauptiliieinslr.
526 3580 647 3643 liniter„
668 3579 783 3649 reliquis
795 3596 859 3634 con·
907 3577 1025 3645 Luculli,
1053 3577 1208 3649 quiquam
1229 3581 1303 3633 esset
1325 3579 1404 3634 dives
1419 3578 1478 3647 ipss

284 3652 417 3707 iunctisis
435 3650 604 3705 hauddubie
621 3648 747 3705 debetur.
765 3650 861 3706 Etiam
908 3651 1061 3706 nesciebat
1080 3680 1114 3691 -
1133 3648 1240 3719 scmus]
1262 3652 1295 3705 us
1312 3666 1415 3721 pomp
1429 3648 1476 3705 sli-

286 3723 424 3793 (lruquius
443 3726 473 3776 ct
490 3720 635 3777 Bentleius
653 3722 860 3776 coniunctivum
907 3738 963 3790 qna
980 3723 1025 3777 vel
1041 3720 1199 3791 triumphus
1254 3724 1357 3777 aratur.
1378 3749 1410 3763 ·-
1428 3723 1476 3775 tal·

286 3797 464 3864 receperunt,
489 3792 524 3847 de
550 3792 693 3847 codicibus
712 3793 769 3847 suis
789 3793 859 3848 nihil
907 3794 988 3865 lons]
1007 3798 1122 3863 praetor
1139 3792 1184 3847 vel
1204 3808 1222 3845 a
1261 3792 1314 3858 '',
1343 3792 1394 3862 qui
1417 3807 1476 3861 sps·

285 3865 476 3921 admonentes.
493 3865 740 3929 concoenantem
753 3864 797 3919 cst
812 3864 859 3919 ab·
907 3865 1017 3920 obscula
1034 3864 1161 3919 editurus
1176 3868 1246 3917 erat
1266 3892 1301 3903 -
1324 3866 1417 3919 nasto
1432 3863 1475 3916 do·

285 3938 404 4000 solvere,
434 3932 578 4007 perficere,
608 3936 641 3987 ut
665 3934 740 4003 apud
770 3933 859 3989 Cicer.
907 3934 976 4004 sess]
1001 3934 1144 3991 Plutarch
1168 3932 1278 3989 Lucull
1298 3936 1348 3991 ὅθι
1374 3939 1474 4003 »Σερο-

285 4008 392 4063 caca:
415 4006 609 4076 »quadrandae
627 4004 762 4059 orationis
780 4006 860 4060 indu·
906 4007 991 4076 ευγοῦ
1015 4006 1050 4062 δέ
1069 4024 1137 4061 ποτε
1160 4008 1395 4093 φιλοτιμουμένου
1414 4006 1475 4074 περ)

286 4079 371 4134 striae
392 4080 409 4132 i.
423 4096 447 4132 s.
466 4077 591 4133 oratorio
609 4092 725 4133 numero
746 4092 859 4148 compo·
906 4082 976 4141 θέας
1000 4080 1047 4133 aot
1060 4078 1140 4163 χορῷ
1155 4095 1208 4132 τινι
1224 4094 1334 4151 sospes
1350 4078 1473 4147 αἰτουμέ-

285 4150 400 4215 nsndse‚
419 4148 630 4204 construendae.
662 4176 693 4189 -
721 4148 859 4218 fidemque]
908 4165 956 4203 νου
979 4142 1285 4237 πορφυραςμμυίλας
1300 4145 1470 4219 ἀπεκρίνετο,

286 4221 322 4278 cf.
341 4222 398 4277 Sat.
419 4221 445 4286 1,
468 4224 496 4287 1,
518 4222 560 4276 62.
601 4218 720 4273 Philam.
737 4219 771 4273 fr.
791 4218 857 4274 XV:
908 4214 1100 4307 susciperer,
1123 4238 1159 4274 αν
1186 4220 1251 4295 ἔχῃ,
1277 4214 1392 4275 δαίσειν·
1418 4219 1472 4273 aaa

288 4288 437 4365 »Πρόςεστι
471 4292 503 4345 δὲ
534 4293 573 4362 τῷ
605 4296 699 4377 πένητι
726 4285 857 4345 ἀπιστία·
906 4295 973 4363 μεθ’
996 4296 1103 4363 apim
1126 4285 1264 4361 ἠρώτησεν
1286 4286 1377 4355 αὐτόν,
1405 4282 1472 4345 ‹ind-

284 4362 352 4435 ἀνὴρ
372 4366 403 4420 δὲ
431 4365 556 4420 πλουτῶν
581 4356 635 4418 κᾶν
661 4357 733 4433 ἄγαν
757 4362 859 4431 ψευδο·
908 4378 966 4418 σον
986 4362 1091 4417 δέοιτο·
1121 4362 1170 4434 τοῦ
1193 4362 1220 4415 δ’
1237 4360 1337 4418 ἑκατὸν
1352 4357 1473 4433 &palm

284 4436 460 4508 yoodsdoast
484 4454 509 4489 ει
558 4427 647 4505 atrro
671 4440 728 4493 τοῖς
746 4427 857 4487 ἄκουον
907 4429 1048 4506 φήσαντος
1064 4435 1189 4494 ἐκέλευον
1205 4434 1300 4518 λαβεῖν
1316 4434 1360 4495 s'ls
1376 4426 1471 4489 tont-

285 4520 332 4559 σιν
347 4502 499 4578 dspoliat
532 4456 637 4562 donus
654 4504 690 4559 ds
709 4505 808 4560 eadam
826 4520 858 4561 rs
906 4525 960 4568 τος.
980 4508 1044 4568 Εἰς
1059 4502 1075 4562 d
1093 4510 1152 4563 καὶ
1169 4503 1363 4566 dissuasi
1380 4522 1471 4569 noas·

284 4574 624 4648 Theognbssb(Wslck):
641 4576 857 4643 »dioeceses
905 4574 963 4645 sin
981 4574 1268 4653 ἐπιπεφώνηκεν,
1295 4574 1340 4638 ets
1359 4571 1403 4641 9⁸}
1420 4593 1470 4631 νο-
