3125 5225
311 269 374 336 436
752 271 1080 348 HPIHTOLARUH

364 457 538 549 Quantae
564 459 765 534 conveniat
791 462 994 536 Munatius.
1048 463 1111 539 Au
1137 463 1367 540 malesarta

363 583 496 661 Gratia
522 582 783 682 nequidquam
807 586 886 660 coit
910 599 952 661 et
967 588 1224 665 rescinditur?
1277 587 1331 662 At
1355 613 1419 663 vos

362 706 437 782 Seu
464 706 609 782 ualidus
634 707 789 803 sanguis
814 733 881 783 seu
908 733 1036 785 rerum
1061 711 1210 787 inscitia
1235 725 1349 788 vexat

361 829 555 904 Indomita
577 829 723 904 cervice
749 829 864 921 feros,
889 831 1309 932 ubicunquedoeorum

312 983 337 1024 ss
362 954 502 1030 Vivitis
529 953 682 1052 indigni
709 955 923 1030 fraternum
948 981 1130 1055 rumpere
1158 959 1311 1052 foedus,

360 1080 534 1154 Pascitur
560 1079 598 1154 iu
625 1094 791 1155 vestrum
815 1081 981 1157 reditum
1007 1085 1139 1160 votiva
1164 1086 1335 1162 iuvenca.

858 1280 955 1288 ---—-

749 1448 977 1533 Hrrs'rom
1006 1449 1073 1536 IV.

362 1608 466 1706 Albi,
494 1623 711 1686 nostrorum
738 1638 957 1688 sermonum
985 1611 1149 1689 candide
1172 1615 1300 1711 iudex,

361 1733 466 1826 Quid
491 1761 594 1810 nunu
619 1749 657 1811 te
681 1736 805 1812 dicam
830 1739 960 1814 facere
984 1738 1025 1813 in
1045 1732 1210 1838 iegione
1234 1741 1417 1817 Pedana?

311 1892 370 1959 esi.
389 1903 410 1972 1,
430 1907 455 1970 4,
475 1907 519 1970 63,
547 1923 598 1960 uec
615 1923 710 1960 verum
729 1911 781 1972 est,
807 1907 883 1976 quod
935 1907 1119 1964 coniunctum
1144 1916 1188 1965 est
1212 1911 1381 1967 vocabulum
1407 1912 1441 1966 ad
1456 1929 1498 1966 sx-

311 1975 454 2030 Bentleius
472 1975 631 2043 affirmarit,
658 1978 752 2046 posita
776 1977 829 2032 hac
846 1979 884 2032 le-
934 1981 1056 2049 emplum
1092 1983 1186 2052 graeci
1222 1977 1302 2045 ἄξιος.
1326 2012 1360 2024 -
1374 1983 1498 2054 mettas]

311 2047 404 2102 ctione
435 2049 580 2118 aequantia
606 2049 680 2118 (coit,
708 2054 882 2118 rescinditur)
934 2051 1077 2106 lndioatur
1107 2070 1217 2110 sacrum
1239 2072 1292 2126 pro
1315 2054 1392 2111 felici
1415 2054 1500 2111 reditu

310 2115 373 2174 lore
392 2117 504 2188 vitiosa;
528 2121 633 2174 transit
656 2119 729 2174 enim
747 2123 832 2190 poeta
849 2136 883 2174 ex
933 2124 1086 2178 amicorum
1111 2124 1280 2182 iaciendum.
1322 2126 1361 2182 ci.
1380 2125 1466 2182 carm.
1482 2125 1502 2185 Ι.

311 2189 450 2244 indirecta
467 2192 594 2246 oratione
614 2192 644 2244 iu
662 2194 777 2256 rectam,
797 2209 884 2261 quare
933 2197 979 2258 36,
996 2198 1020 2248 2.
1065 2195 1108 2249 ad
1128 2198 1244 2252 verbum
1261 2215 1324 2253 coru
1417 2197 1501 2252 carm.

311 2267 447 2330 punctum
478 2261 639 2332 ponendum
670 2267 731 2317 erat
759 2270 826 2333 post
857 2281 883 2318 v.
933 2263 1037 2331 ntae,
1052 2269 1092 2319 11.
1110 2266 1159 2330 IV,
1172 2273 1251 2334 2,55.
1273 2269 1316 2323 Eo
1338 2285 1501 2323 emseamo·

311 2337 460 2387 Masurius.
479 2333 600 2388 Bentleii
617 2338 712 2388 tarum
730 2335 884 2390 auctoritas
933 2353 964 2392 re
981 2341 1131 2408 utrumque
1144 2340 1276 2410 amplecti
1284 2339 1421 2396 Horatius
1431 2339 1501 2394 dicit.

310 2403 393 2457 duxit
404 2402 882 2474 Orellium,Hauptium‚Liulrerum,
1166 2450 1172 2463 .

309 2473 458 2538 Rittsrum,
481 2491 538 2530 uon
555 2475 725 2546 Meiuekium
745 2480 795 2530 aut
813 2477 884 2532 Doe-
967 2497 978 2520 ·
1103 2449 1282 2551 ΕΡΨΟῙ*
1298 2451 1347 2510 Π·

309 2545 459 2600 derlinium
486 2551 536 2600 sut
564 2547 752 2619 Kruegerum.
773 2577 805 2588 -·
826 2552 883 2603 lta·
968 2543 1045 2599 Haec
1069 2545 1190 2615 epistola
1214 2547 1252 2602 ad
1279 2548 1397 2603 Albium
1413 2547 1504 2602 Tssrul·
1544 2568 1545 2573 ¹

307 2619 411 2687 autiss]
451 2616 527 2673 filius
553 2619 672 2674 fortem
698 2620 759 2674 eius
786 2620 884 2674 Huua-
932 2615 991 2671 lum
1009 2623 1130 2686 poetam,
1149 2619 1185 2673 de
1205 2636 1260 2689 quo
1279 2620 1342 2675 vide
1362 2621 1399 2677 ad
1420 2620 1504 2674 carm.

307 2688 351 2753 tii,
384 2688 420 2744 sd
449 2706 531 2759 quem
559 2696 603 2746 est
631 2690 719 2746 Oarm.
746 2690 767 2755 Ι,
792 2695 818 2745 7.
846 2720 882 2733 ·—
933 2687 954 2752 l,
974 2691 1019 2753 33,
1045 2704 1101 2757 quo
1127 2707 1200 2745 auno
1217 2692 1324 2761 scripte
1341 2694 1383 2748 sit
1401 2710 1451 2748 nos
1469 2690 1504 2745 la·

310 2773 388 2816 turta
406 2760 472 2831 uuit]
500 2762 618 2833 Sumpta
646 2762 716 2817 baec
744 2780 761 2816 a
785 2762 883 2817 vulne·
931 2763 984 2828 tet,
1009 2759 1065 2813 uisi
1091 2762 1167 2816 iorte
1184 2778 1219 2816 ex
1236 2762 1328 2833 primo
1348 2779 1433 2820 versu
1449 2761 1503 2818 effi·

310 2832 396 2896 ribus,
427 2846 498 2901 quae
524 2840 601 2889 saeui
629 2836 659 2888 et
683 2840 756 2888 coire
787 2834 883 2888 dicun·
931 2846 995 2886 uere
1025 2830 1111 2887 audes
1140 2832 1236 2887 datam
1264 2851 1324 2889 eam
1354 2852 1418 2891 esse
1451 2851 1503 2888 nou

310 2908 366 2957 tur.
412 2903 493 2958 ovid.
510 2904 598 2959 Trist.
619 2904 666 2970 tv,
685 2907 710 2974 4,
729 2908 780 2959 41:
814 2904 882 2960 »lie-
932 2903 1022 2957 multo
1039 2907 1106 2972 post
1120 2903 1210 2959 editas
1219 2906 1256 2960 ab
1267 2906 1388 2961 Horatio
1397 2908 1501 2962 satiras.

311 2990 346 3029 re
371 2976 554 3031 retractando
592 2976 716 3031 nondum
753 2976 884 3031 coeuntia
932 2974 1007 3041 Quas
1031 2976 1171 3042 quomodo
1189 2976 1316 3033 Tibullus
1343 2979 1392 3033 vel
1413 2976 1503 3033 lauda·

311 3060 439 3115 rumpam
475 3048 614 3101 vulneras
674 3048 786 3103 Patron.
816 3051 881 3103 113:
932 3046 1278 3116 veritrelrituperassrit‚
1288 3052 1388 3103 utrum
1396 3050 1503 3119 publice

232 3136 234 3141 ·
314 3116 420 3171 »Credo
439 3120 554 3183 veritus,
576 3136 611 3173 ne
630 3119 705 3173 inter
721 3120 804 3174 initia
821 3136 883 3174 coe-
932 3116 1008 3187 apud
1024 3134 1143 3188 magnos
1159 3115 1235 3173 viros
1258 3137 1294 3174 an
1317 3121 1453 3191 privatim
1475 3117 1503 3171 in

310 3188 388 3243 untis
415 3191 523 3257 gratiae
547 3196 690 3245 recentem
721 3190 882 3246 cicatricem
933 3188 1054 3258 epistola
1081 3189 1175 3258 aliqua
1202 3190 1238 3244 ad
1263 3191 1421 3254 Horatium,
1452 3208 1504 3244 nou

311 3258 510 3317 rescinderet«
540 3291 571 3301 --
591 3267 645 3317 Sea
663 3263 780 3333 ualidus]
815 3263 883 3316 Cru·
932 3259 1021 3329 magis
1041 3260 1165 3316 invenies
1182 3278 1263 3329 quam
1277 3263 1346 3332 quid
1355 3263 1502 3318 Horatium

312 3331 393 3401 quius
412 3332 449 3386 ud
468 3333 495 3389 h.
506 3333 524 3388 l.
543 3332 611 3388 haec
628 3332 727 3388 habet:
745 3339 811 3388 »teu
830 3338 883 3387 est.
934 3330 1046 3384 uthans
1063 3332 1211 3400 epistolam
1227 3334 1423 3389 conscriberet
1432 3350 1503 3388 uom-

312 3424 387 3473 susp.
415 3408 464 3459 teu
491 3422 596 3473 rsrsm3
623 3404 663 3458 sic
691 3422 788 3459 omnes
815 3404 883 3458 labri
932 3400 1061 3455 moverit.
1115 3403 1199 3473 Apud
1228 3404 1389 3459 Messallam
1423 3408 1506 3469 uerte

312 3473 393 3528 codd.
418 3478 533 3545 praeter
550 3474 657 3538 Diraei,
683 3476 730 3545 qui
753 3476 883 3545 vulgatos
932 3471 1039 3528 Tibulli
1059 3472 1206 3538 fautorem,
1232 3476 1278 3530 ria
1300 3494 1317 3530 o
1338 3494 1374 3532 us
1395 3480 1459 3532 erat
1474 3478 1505 3529 ut

313 3546 452 3615 aequitum
473 3546 523 3600 ssd
534 3547 602 3600 mihi
611 3548 749 3615 probatur
760 3546 882 3617 plurium
933 3544 1081 3598 Horatium
1106 3545 1158 3601 ille
1185 3562 1312 3602 commen
1383 3554 1406 3612 t„
1442 3564 1508 3617 quo·

311 3616 423 3671 lectio«
442 3616 487 3671 Ex
505 3618 707 3672 recentioribus
725 3618 882 3673 editoribus
932 3617 1008 3669 uiam
1033 3616 1179 3672 Messallae
1206 3620 1262 3673 iam
1286 3618 1396 3674 dudum
1413 3624 1504 3680 notus,

311 3686 433 3757 Paulyua
453 3689 568 3758 Oruquii
593 3690 750 3759 exemplum
772 3692 883 3744 secutus
933 3687 1054 3742 toruus
1072 3690 1157 3743 etiam
1175 3690 1321 3745 familiaria
1338 3690 1436 3746 iuerat
1453 3689 1505 3742 Hu-

312 3763 369 3829 ssu
396 3776 453 3813 non
482 3760 560 3815 bene.
591 3780 732 3815 -reram
759 3760 883 3831 inscitie]
933 3759 1032 3813 ratius.
1084 3759 1169 3829 Apud
1204 3760 1350 3832 Philippos
1387 3766 1506 3829 uterque

311 3848 368 3885 non
395 3830 507 3885 videtur
524 3848 585 3887 usse
613 3828 723 3903 ἀπειρία
754 3833 811 3887 τῶν
838 3828 884 3885 ἂν.
932 3834 1114 3900 pugnaverat.
1131 3830 1196 3886 Noli
1215 3832 1305 3903 igitur
1320 3832 1507 3903 hooamplius

311 3908 462 3975 tpuulsuv
479 3897 658 3975 πραγμάτων,
688 3905 737 3959 ssd
764 3919 882 3973 prauum
932 3916 1068 3970 quaerere
1094 3906 1125 3956 st
1154 3904 1220 3959 ride
1248 3918 1359 3960 mecum
1396 3919 1508 3959 oausam

311 3974 453 4038 iudicium,
473 3992 528 4045 quo
547 3992 618 4044 quae
636 3976 708 4029 alter
728 3972 788 4029 aine
808 3974 882 4030 malo
931 3971 1099 4027 scribendae
1116 3974 1253 4043 epistolas
1271 3975 1301 4029 in
1320 3975 1461 4046 erigendo
1480 3978 1509 4028 et

312 4046 406 4101 studio
425 4049 455 4100 st
471 4063 522 4101 auo
538 4048 601 4100 iure
618 4046 717 4101 iecerit
733 4045 882 4111 dixeritve,
932 4042 1113 4099 exhilarando
1131 4046 1225 4101 animo
1244 4045 1358 4111 Tibulli,
1388 4048 1440 4115 qui
1461 4062 1507 4098 ne·

311 4117 441 4173 consulto
462 4124 491 4172 et
510 4117 546 4173 ad
565 4116 695 4172 iniuriam
714 4118 796 4173 uobis
812 4117 883 4173 iuis·
930 4117 1034 4171 scimus
1057 4131 1114 4186 quo
1131 4130 1197 4172 eaau
1217 4117 1261 4172 rel
1277 4116 1377 4171 dolore
1393 4134 1509 4188 oppres-

311 4188 428 4243 rendam
456 4188 532 4245 lauta
561 4204 644 4259 saepe
679 4193 818 4258 putamus.
848 4218 883 4230 -
931 4204 978 4241 aus
1002 4202 1038 4242 ex
1056 4188 1126 4241 urbe
1145 4189 1177 4243 in
1194 4188 1334 4244 Pedauam
1352 4206 1437 4243 auam
1460 4186 1509 4241 til·

312 4263 444 4315 iadoms'tu
463 4260 576 4329 ceruice]
604 4259 883 4331 stupuimus.
932 4258 989 4312 lam
1006 4258 1165 4329 aufugeram
1184 4258 1250 4315 dein
1267 4259 1411 4315 admirare
1429 4276 1506 4329 egre·

313 4358 347 4371 -
373 4330 536 4403 fraternum]
566 4331 602 4387 cf.
625 4332 715 4401 Epist.
740 4332 769 4401 1,
790 4336 837 4397 10,
856 4334 882 4388 4.
932 4330 1007 4401 giam
1030 4335 1219 4387 extremorum
1243 4347 1374 4386 sonuum
1401 4330 1512 4386 festivi-

311 4402 387 4457 Male
411 4402 482 4457 ¹olim
507 4419 541 4457 ex
559 4402 610 4458 hac
627 4420 697 4459 vous
714 4404 884 4474 interpretes
932 4403 1031 4465 tatem,
1065 4418 1137 4472 quse
1165 4403 1190 4456 si
1217 4399 1285 4473 quid
1312 4401 1392 4459 alind
1422 4403 1509 4457 risum

311 4472 386 4528 effici
404 4490 486 4543 posse
503 4474 699 4545 opinabantur,
726 4476 883 4530 Munatium
931 4488 1046 4529 mouere
1064 4473 1162 4529 debuit
1172 4474 1319 4529 ¹triatieulo
1337 4474 1446 4529 amiuu.
1544 4497 1545 4500 ¹

313 4549 344 4597 et
367 4544 482 4599 Florum
508 4562 575 4599 vare
601 4546 704 4600 batres
731 4546 826 4602 luisse.
849 4578 882 4588 -
968 4542 999 4598 V.
1013 4549 1036 4597 l.
1054 4548 1177 4610 madidet
1197 4545 1301 4601 Oomm
1320 4544 1424 4614 Gruqt:
1455 4546 1511 4599 ›iu-

313 4618 429 4687 a'adtpst]
459 4633 529 4685 quoa
552 4634 609 4673 uon
637 4618 719 4675 decet
745 4634 883 4689 rumpere.
931 4621 1021 4686 teges,
1046 4630 1140 4683 senx,
1167 4632 1248 4687 pure,
1273 4617 1333 4671 sins
1349 4614 1430 4682 fuso,
1450 4616 1510 4671 ains
