3125 5225
773 285 1024 359 CARMINUM

498 466 682 544 Premant
707 467 852 550 Calena
878 470 978 546 falce
1004 471 1144 570 quibus
1171 471 1280 549 dedit

459 626 485 665 ιο
500 591 671 670 Fortuna
696 595 834 690 vitem3
862 595 969 670 dives
996 609 1035 672 et
1058 599 1184 673 aureis

544 723 735 798 Mercator
760 724 920 800 exsiccet
943 723 1095 801 eulullis

599 848 699 925 Vina
721 849 819 948 Syra
842 861 1020 945 reparata
1044 874 1183 946 meree,

497 997 565 1071 Dis
591 1023 698 1072 carus
724 997 828 1097 ipsis,
856 998 1000 1098 quippe
1025 1012 1085 1074 ter
1110 1013 1150 1073 et
1174 1011 1309 1098 quater

498 1119 612 1197 Anno
638 1123 808 1200 revisens
834 1148 979 1224 aequor
1000 1121 1239 1200 Atlanticum

458 1274 482 1316 a
547 1243 721 1356 Impune.
771 1245 836 1320 Me
860 1242 1184 1344 pascunt'olivse,

596 1371 660 1444 Me
687 1368 864 1446 cichorea
885 1369 1067 1470 levesque
1091 1371 1252 1447 malvae.

495 1515 586 1591 Frui
610 1518 754 1616 paratis
780 1531 818 1594 et
847 1519 975 1595 valido
1002 1519 1108 1616 mihi,

493 1641 624 1740 Lame,
652 1643 771 1720 dones
799 1657 836 1720 et
859 1671 998 1743 precor
1022 1645 1173 1746 integra

546 1767 644 1845 Cum
671 1781 799 1846 mente
821 1795 893 1846 nec
917 1782 1069 1869 turpem
1094 1782 1287 1846 senectam

450 1925 475 1964 20
591 1894 741 1993 Degere
766 1919 840 1970 nec
865 1893 1013 1970 eithara
1039 1907 1241 1970 carentem.

256 2119 258 2124 ·
329 2089 362 2143 V.
381 2092 406 2144 9.
442 2097 570 2146 Fremant
596 2091 688 2164 atem]
719 2091 871 2148 (lemmatis
920 2092 994 2146 niam
1013 2091 1176 2148 adiunctum
1194 2095 1247 2146 est.

295 2159 552 2231 interpungendum
583 2161 614 2216 in
649 2163 701 2218 hac
729 2164 872 2220 sententia
957 2163 989 2217 V.
1002 2166 1043 2218 15.
1063 2161 1187 2234 pascant]
1205 2161 1251 2218 Sic
1265 2157 1361 2229 codd.;
1381 2169 1493 2227 pascam

294 2249 351 2285 non
379 2233 438 2300 est;
474 2235 648 2288 accusativus
685 2235 759 2290 enirn
789 2241 869 2291 eires·
920 2251 955 2288 ex
981 2252 1037 2289 nno
1064 2235 1126 2289 cod.
1155 2238 1239 2290 Fater
1264 2238 1294 2288 et
1313 2233 1412 2295 Bessi„
1438 2245 1492 2284 non

294 2320 350 2356 non
367 2303 458 2373 magis
470 2317 593 2374 premant
604 2305 721 2360 verbum
742 2306 870 2376 sequitur
919 2306 1000 2376 bene,
1024 2323 1089 2360 nam
1113 2305 1211 2360 Horat.
1236 2303 1282 2361 hic
1300 2300 1492 2385 frugalitatem

294 2389 376 2442 quem
396 2377 476 2428 dedit.
500 2373 546 2430 Sic
565 2391 629 2430 cum
648 2378 805 2434 scriberent
824 2395 870 2434 ve·
920 2394 987 2432 suae
1005 2377 1080 2432 ritae
1092 2395 1155 2433 eum
1167 2375 1287 2431 divitum
1298 2375 1412 2430 luxuria
1421 2389 1492 2427 com·

292 2449 377 2512 teres,
407 2444 474 2500 exili
500 2451 529 2502 et
552 2449 671 2503 molesto
701 2449 869 2519 pronomine
989 2452 1015 2518 t3
1040 2465 1111 2518 quse
1129 2448 1190 2518 ipse
1209 2452 1299 2518 optat,
1325 2443 1429 2499 deinde
1447 2442 1493 2498 ad·

295 2535 353 2570 sem
373 2515 514 2572 abstinere
531 2523 693 2588 potuerunt·
736 2520 806 2574 Vide
833 2520 869 2575 ad
941 2523 1034 2576 untur.
1060 2551 1094 2559 -
1119 2523 1240 2590 levesque
1263 2515 1380 2585 maleae]
1413 2513 1493 2570 facile

296 2585 384 2643 Germ.
395 2587 417 2655 1,
427 2591 452 2654 3,
464 2589 488 2644 6.
525 2595 762 2647 areunculam
783 2591 868 2648 vitem
919 2589 1141 2662 concoquendae.
1159 2589 1338 2661 aprunos.
1351 2619 1382 2628 —
1399 2585 1491 2711 Lasoia

293 2664 338 2714 est
356 2664 455 2729 putare
471 2661 567 2727 ritem,
594 2662 707 2719 nimiam
724 2665 869 2733 pampino·
918 2680 1021 2735 graece
1037 2664 1160 2733 Λητῷος,
1178 2664 1300 2733 Λατῷος.
1320 2660 1355 2715 cf.
1369 2658 1462 2713 Carm.
1486 2698 1492 2725 ‚

294 2747 357 2784 rum
374 2731 513 2787 luxuriem
530 2733 602 2789 falce
627 2736 771 2804 putatoria
794 2752 869 2790 com·
921 2738 945 2799 1,
957 2738 1001 2789 84.
1016 2766 1047 2774 -
1062 2748 1087 2790 es
1106 2738 1197 2789 aalide
1215 2734 1292 2805 niti]
1310 2730 1494 2800 Respondent

294 2818 419 2927 Boccare,
463 2804 498 2859 of.
529 2804 607 2875 Virg.
632 2806 734 2877 Georg.
759 2805 782 2868 Ι,
809 2810 869 2861 157.
918 2806 993 2861 inter
1011 2823 1040 2861 se
1070 2817 1095 2861 et
1121 2808 1222 2868 aalide,
1251 2816 1276 2859 el
1299 2810 1409 2871 inleqra
1435 2821 1491 2855 casa

319 2874 374 2929 vid.
402 2874 470 2929 Met.
487 2874 560 2946 XIV,
578 2879 639 2931 628.
688 2882 793 2934 Calena
819 2878 869 2933 ad·
919 2889 1014 2942 mente,
1035 2880 1185 2946 utrumque
1201 2880 1296 2931 umen
1314 2872 1491 2929 referendum

293 2944 426 3003 ieelivum
452 2963 504 3017 per
532 2948 679 3019 enallagen
711 2948 778 3003 satis
813 2948 869 3005 {re-
919 2948 955 3003 ad
973 2946 1142 3003 infinitivum
1159 2953 1225 3012 frui.
1266 2946 1385 3001 Datirus
1402 2946 1491 3026 aalide

294 3024 425 3085 quantem
449 3035 465 3072 a
487 3018 544 3074 rite
568 3022 598 3073 et
622 3020 687 3075 rino
715 3020 749 3074 ed
767 3018 867 3076 falcem
918 3036 971 3089 per
989 3020 1185 3075 attractionem
1201 3019 1314 3074 Graecis
1331 3016 1422 3087 magis
1440 3032 1492 3069 usr-

291 3089 462 3145 translatum
488 3097 541 3156 est,
569 3094 601 3145 ut
622 3090 712 3145 Oarm.
733 3092 754 3159 1,
774 3096 818 3155 20,
841 3096 867 3149 9.
918 3095 1008 3146 tetam
1025 3092 1061 3145 ab
1088 3091 1227 3146 infinitivo
1250 3090 1356 3144 relatus
1383 3091 1429 3141 est
1458 3086 1491 3140 ad

290 3158 346 3225 111,
369 3162 414 3227 16,
434 3164 476 3215 34.
505 3190 537 3201 -
567 3164 639 3217 dieas
667 3162 703 3233 er]
737 3160 802 3219 vide
830 3164 867 3219 ad
919 3178 1002 3233 pron.
1021 3166 1095 3220 niti.
1131 3162 1209 3217 Duae
1227 3159 1389 3235 igiturvoti
1406 3158 1490 3213 Hora·

293 3228 383 3287 Germ.
407 3231 434 3299 1,
454 3236 480 3299 2,
499 3234 524 3287 9.
555 3262 589 3273 -·
608 3234 737 3358 saulaces]
762 3234 865 3290 ebibat.
918 3234 990 3288 tiani
1007 3236 1103 3304 partes
1121 3238 1196 3290 sunt:
1230 3238 1311 3289 dones
1339 3246 1442 3301 precer
1464 3235 1491 3281 et

289 3300 324 3355 cf.
348 3300 437 3357 Carm.
452 3303 474 3364 Ι,
493 3306 536 3368 66,
558 3308 601 3359 27.
646 3304 704 3361 sat.
738 3304 759 3371 1,
778 3308 803 3368 6,
822 3309 866 3361 68.
920 3304 1012 3359 valido
1030 3304 1098 3359 mihi
1121 3310 1151 3360 et
1176 3304 1286 3374 integra
1310 3320 1375 3357 cum
1398 3302 1490 3355 mente

291 3402 325 3411 --
344 3374 467 3445 cslulls's]
488 3374 610 3431 »Calices
630 3374 739 3441 fictiles,
764 3378 867 3445 quibus
919 3376 1025 3445 paratis
1048 3380 1116 3445 srai,
1145 3382 1205 3430 tum
1230 3381 1311 3430 donas
1336 3374 1433 3444 (leym
1452 3388 1490 3425 se-

292 3442 440 3513 ponlifioes
473 3444 652 3516 virginesque
680 3447 805 3503 Vestales
836 3449 866 3503 in
918 3452 1030 3501 nectam
1049 3464 1100 3501 nec
1117 3451 1229 3515 turpem
1248 3463 1300 3500 nso
1319 3444 1430 3501 eithara
1447 3460 1489 3496 ca·

290 3515 378 3569 sacris
397 3516 574 3571 utebantur«
613 3518 696 3572 Acro.
732 3518 804 3573 Tum
831 3520 866 3576 da
919 3525 1037 3573 rentem.
1081 3518 1162 3573 Hunc
1187 3518 1314 3572 ordinem
1341 3516 1490 3571 verborum

290 3584 409 3640 divitum
438 3586 635 3658 grandioribus
662 3588 778 3659 poculis.
830 3590 865 3647 ef.
918 3588 979 3659 ipse
988 3589 1121 3644 Horatius
1130 3588 1265 3643 indicavit
1273 3585 1425 3649 artificiosa
1443 3603 1490 3655 po·
1539 3651 1541 3658 y

291 3656 438 3712 A.P.434.
461 3688 495 3699 -
514 3666 586 3742 Sps-a
606 3660 703 3729 merce]
723 3664 865 3731 aromatis,
919 3662 981 3715 sitis
999 3659 1145 3731 particulis
1163 3674 1198 3726 ss,
1218 3672 1252 3725 er,
1272 3680 1328 3727 nec,
1342 3679 1398 3713 see.
1417 3654 1489 3713 Male

290 3730 441 3799 unguentis
455 3730 560 3799 sSyrra
571 3730 702 3787 advectis.
727 3732 761 3789 ol.
774 3734 867 3789 Carm.
916 3730 1005 3803 igitur
1029 3732 1113 3806 etiam
1136 3732 1166 3786 in
1189 3731 1271 3787 bonis
1291 3728 1370 3785 codd
1393 3729 1440 3783 vel
1459 3748 1489 3781 ac

291 3798 388 3868 11,11,
409 3802 450 3855 16.
486 3801 520 3867 ll,
539 3806 564 3870 7,
581 3806 606 3857 8.
643 3802 691 3867 ΙΙΙ,
709 3806 752 3868 29,
768 3808 812 3860 60.
831 3834 865 3845 -
916 3825 1013 3874 precor
1041 3802 1227 3873 (Peerlkamp.
1246 3800 1361 3870 Haupt.)
1390 3800 1435 3855 rel
1462 3809 1489 3851 et

288 3872 431 3943 raparum]
459 3872 606 3943 Sumplum
624 3873 677 3929 hoc
696 3876 812 3931 verbum
831 3894 866 3931 ex
916 3896 1012 3945 precor
1042 3873 1158 3939 (Biller,
1178 3872 1302 3943 Keller).
1327 3900 1361 3912 -·
1384 3875 1488 3926 eithara

287 3959 415 3997 sermone
439 3950 625 3999 mercatorum
651 3962 757 4001 merces
782 3964 867 4017 pecu·
916 3946 1063 4017 curensem]
1083 3946 1116 4000 ct.
1130 3946 1254 4015 Theogn.
1265 3946 1317 3999 789
1338 3938 1406 4010 »Μὴ
1423 3943 1491 3996 ποτέ

288 4014 351 4069 niae
387 4015 449 4069 loco
485 4016 704 4085 permutanliurn
745 4022 864 4083 (umtau
913 4036 962 4107 μοι
982 4018 1128 4091 μελέδημα
1146 4012 1278 4087 νεώτερον
1295 4008 1361 4069 ἄλλο
1390 4018 1488 4087 φανείη

287 4085 397 4155 sohen);
427 4086 601 4143 rarissimum
631 4088 806 4145 vocabulum.
828 4120 863 4132 -
906 4090 973 4143 An'
992 4086 1087 4157 ἀρετῆς
1104 4094 1206 4162 σοφίης
1223 4089 1256 4154 r',
1273 4082 1342 4140 ἀλλὰ
1361 4080 1487 4142 so‘d'alir

287 4160 329 4212 slis
348 4157 440 4226 carus]
466 4157 669 4231 Argumentum
688 4158 775 4215 hoca
797 4178 862 4216 con·
913 4161 987 4233 ἔχων
1007 4165 1113 4231 Tapae(
1136 4178 1168 4228 ην
1184 4154 1320 4231 φόρμιγγι
1339 4162 1386 4219 καὶ
1403 4153 1419 4212 ὀ
1434 4177 1486 4229 χη-

287 4228 468 4297 ssquentibus
486 4236 628 4301 sumptum
648 4247 703 4287 non
722 4248 774 4301 per
791 4232 863 4288 invi·
912 4232 982 4304 6μῷ
997 4236 1043 4285 καὶ
1058 4228 1102 4285 ἀοι
1123 4232 1147 4305 ᾖ,
1175 4236 1229 4285 Kal
1252 4226 1324 4316 μετὰ
1347 4230 1403 4285 τῶν
1419 4248 1485 4299 aya-

286 4299 361 4353 diam
380 4297 430 4355 scd
447 4316 500 4371 per
522 4319 636 4374 gravem
659 4301 780 4373 aliquam
806 4304 861 4359 iro·
911 4304 973 4359 aar
991 4300 1096 4358 rossia
1113 4304 1208 4375 ἔχοιμι
1227 4320 1317 4357 voca«
