3125 5225
691 1128 1093 1215 PRAEFATIO

745 1336 1036 1407 nnmerum.

414 1643 466 1756 ln
498 1679 778 1758 emendandam
811 1705 951 1757 novam
986 1678 1194 1755 editionem
1226 1677 1378 1755 Horatii
1415 1679 1497 1754 mei

295 1822 478 1908 quantam
503 1831 573 1902 per
595 1804 747 1880 labores
766 1805 1017 1904 officiumque
1030 1804 1139 1881 licuit
1153 1830 1283 1879 curam
1297 1804 1498 1903 impendi3

294 1934 484 2008 rationem
496 1942 748 2029 naturamque
763 1930 856 2005 libri
866 1929 1363 2029 nenuncquidemmutavi.
1392 1928 1499 2002 Nam

247 2087 251 2092 ·
296 2082 529 2158 quamquam
557 2079 636 2129 non
660 2054 868 2129 defuerunt
894 2054 961 2154 qui
985 2054 1197 2131 consulenti
1225 2053 1321 2129 mihi
1334 2079 1500 2152 persua·

294 2181 386 2257 dere
412 2176 565 2274 vellent,
598 2190 642 2251 ut
666 2179 939 2253 commentario
975 2179 1287 2278 argumentisque
1319 2176 1498 2275 singulo·

294 2329 380 2379 rum
401 2302 613 2379 carminum
639 2300 843 2377 decurtatis
870 2300 931 2376 vel
957 2300 1140 2377 mutilatis
1165 2301 1308 2377 librum
1340 2316 1498 2377 contra-

292 2428 425 2504 herem
450 2430 491 2503 in
526 2441 807 2528 angustumque
845 2427 1091 2521 deducerem,
1129 2442 1256 2504 tamen
1291 2427 1421 2523 metui,
1464 2430 1496 2501 si

292 2548 446 2629 illorum
472 2552 631 2628 vocibus
658 2549 921 2648 auscultarem,
957 2578 1007 2628 nc
1041 2552 1252 2628 minuerem
1286 2550 1399 2627 simul
1430 2550 1496 2627 vel

294 2678 488 2755 demerem
515 2677 643 2776 potius
670 2677 701 2752 si
728 2675 822 2775 quid
848 2688 948 2753 esset
972 2676 1034 2752 vel
1059 2676 1259 2775 probabile
1286 2678 1347 2753 vel
1373 2703 1496 2776 pecu·

294 2803 403 2880 liare.
456 2801 541 2880 Scio
569 2801 737 2900 quidem,
765 2802 866 2876 inter
891 2802 1093 2900 magistros
1118 2801 1336 2878 scholarum
1361 2801 1495 2899 publi-

293 2953 422 3004 carum
451 2951 532 3002 esse
559 2925 719 3026 aliquos,
744 2926 810 3027 qui
841 2925 1026 3002 editiones
1049 2928 1330 3002 commentariis
1353 2927 1499 3002 instru-

293 3067 371 3130 ctas
389 3079 412 3130 a
429 3053 507 3128 suis
520 3050 749 3128 lectionibus
775 3052 1004 3150 prohibeant
1026 3051 1207 3151 nudaque
1220 3066 1358 3149 poetae
1373 3054 1498 3128 verba

295 3176 569 3276 discipulorum
597 3177 772 3253 manibus
798 3176 962 3252 tradant.
1029 3177 1201 3268 Quorum
1230 3166 1398 3252 studium
1427 3203 1497 3251 vo-

293 3302 555 3401 luntatemque
578 3313 724 3376 tantum
750 3303 858 3377 abest
884 3315 926 3376 ut
951 3300 1234 3400 reprehendere
1248 3299 1424 3396 audeam,
1455 3316 1498 3375 ut

294 3449 530 3524 magnopere
564 3425 729 3520 laudem,
768 3427 960 3526 siquidem
997 3427 1036 3502 in
1070 3427 1162 3524 ipsis
1196 3427 1425 3502 lectionibus
1453 3427 1496 3500 id

294 3549 442 3648 possint
467 3549 629 3648 assequi,
657 3561 699 3624 ut
723 3550 813 3626 viva
835 3575 931 3626 voce
957 3550 1229 3648 doctrinaeque
1256 3574 1348 3625 cura
1372 3563 1410 3624 et
1437 3551 1497 3625 di-

294 3673 454 3774 ligentia
479 3699 524 3749 ea
550 3673 689 3769 omnia,
728 3698 827 3772 quae
864 3672 1071 3749 adversm
1106 3675 1319 3750 carminum
1352 3673 1496 3749 intelli-

296 3799 464 3899 gentiam
492 3798 706 3874 necessaria
732 3811 830 3894 eunt,
858 3797 1232 3874 adolescentulorum
1254 3798 1390 3872 animis
1418 3799 1496 3896 ipsi

293 3927 502 4026 praebeant
527 3923 811 4022 memoriaeque
836 3922 1006 4021 infigant.
1038 3921 1143 3998 Illud
1166 3935 1294 3998 tamon
1321 3936 1494 3998 metuen-

228 4055 230 4060 ’
295 4053 397 4152 dum,
414 4063 480 4146 cst,
506 4077 554 4126 ne
579 4049 650 4124 ista
675 4047 786 4124 lectio
812 4048 910 4124 iusto
936 4046 1086 4147 saepius
1105 4061 1170 4122 aut
1183 4047 1322 4123 habeat
1341 4040 1494 4147 'aliquid

295 4201 435 4276 vagum
462 4189 499 4250 et
522 4175 709 4250 incertum
740 4185 805 4248 aut
825 4198 984 4274 parvam
1008 4185 1153 4248 tantum
1175 4171 1385 4247 dulcissimi
1399 4198 1493 4270 poe·

294 4316 355 4379 tas
381 4312 528 4400 partem
551 4297 861 4398 comprehendat.
888 4295 941 4372 Iis
960 4311 1099 4390 autem,
1116 4298 1182 4398 qui
1196 4298 1490 4372 commentarios

295 4427 344 4502 ob
370 4451 454 4502 eam
482 4449 634 4500 causam
659 4423 876 4522 prohibent,
898 4449 946 4499 ne
972 4421 1271 4499 adolescentium
1299 4419 1492 4497 celeritate

197 4559 200 4564 '
296 4551 455 4650 acieque
482 4549 681 4624 oculorum
709 4563 747 4624 et
773 4549 982 4624 calliditate
1007 4547 1249 4646 ingeniorum
1283 4548 1383 4622 inter
1422 4545 1491 4621 do-
