3125 5225
463 269 554 338 LIB.
573 269 641 336 ΙΙΙ.
664 268 804 338 ΟΔΒΜ.
824 267 885 336 Ν.
1213 265 1273 331 1‘13

323 455 399 534 Seu
425 482 521 534 voce
544 481 649 532 nune
672 455 796 530 mavis
822 465 933 528 acuta

373 579 449 658 Seu
468 578 610 655 fidibus
636 576 859 675 citharaque
883 573 1042 650 Phoebi.

243 725 459 804 eluditis?
479 754 530 804 an
555 752 619 803 me
641 710 743 802 ludit
764 723 941 818 amabilis

272 851 454 930 Insania?
504 850 657 928 Audire
684 863 722 926 et
746 849 882 926 videor
903 849 987 947 pios

321 977 461 1054 Errare
483 1001 556 1075 per
579 975 700 1072 lucos,
729 999 914 1055 amoenae

376 1099 482 1194 Quos
508 1114 546 1178 et
570 1125 695 1200 aquae
717 1101 885 1177 subeunt
909 1111 947 1176 et
975 1125 1102 1176 aurae.

155 1335 162 1350 ι
271 1250 337 1324 Me
360 1247 561 1324 fabulosae
585 1245 750 1323 Vulture
774 1246 816 1322 in
843 1245 974 1346 Apulo

235 1407 260 1445 ιι
276 1371 432 1448 Altriois
459 1384 566 1448 extra
588 1370 708 1448 limen
732 1370 901 1471 Apuliae

218 1582 220 1587 ,
323 1496 436 1573 Ludo
463 1495 746 1596 fatigatumque
767 1521 903 1572 somno

375 1619 530 1696 Fronde
554 1645 657 1696 nova
676 1645 841 1718 puerum
862 1619 1061 1718 palumbes

97 1817 148 1885 gine
165 1822 264 1873 ortum
301 1818 391 1873 Musis
409 1818 484 1872 enim
502 1821 565 1873 tota
582 1833 649 1888 poe·
697 1817 837 1888 potuisset
855 1817 927 1902 capi,
949 1817 1131 1888 pertinaciter
1149 1819 1271 1872 oontem-

95 1891 192 1945 teerita
203 1889 302 1946 dedita
316 1889 379 1955 fuit,
392 1907 573 1958 quaecunque
584 1889 649 1944 huic
698 1893 749 1960 pta
765 1906 831 1944 cum
848 1891 1011 1961 principatu
1027 1889 1156 1960 Augusti,
1175 1887 1271 1942 <lirina

95 1959 154 2015 bem
169 1979 288 2032 unquam
307 1966 463 2017 evenerunt
479 1960 537 2015 illis
549 1961 649 2016 deben-
699 1961 849 2032 prudentie
858 1961 991 2016 Romanis
1002 1961 1143 2032 imposito,
1153 1959 1272 2030 impium

93 2036 138 2096 tur,
161 2032 200 2102 pii
220 2035 314 2105 igitur
340 2036 370 2088 et
393 2033 468 2088 sacri
492 2035 566 2088 uatis
589 2048 649 2088 ear·
698 2037 842 2088 certamen
861 2033 933 2088 inire
959 2049 1035 2090 ausa*
1054 2037 1107 2088 est.
1151 2031 1194 2086 De
1219 2048 1274 2102 qua

95 2103 156 2156 nina
171 2103 280 2160 (itunae
290 2121 376 2160 voces
394 2109 468 2159 sunt.
487 2102 526 2159 Ut
537 2107 650 2176 poetam
699 2121 731 2160 re
748 2105 783 2159 cf.
800 2103 879 2160 Ovio.
898 2105 966 2159 Met.
978 2103 1062 2170 1,200
1072 2120 1132 2173 sqq.

73 2174 125 2247 =sic
139 2191 227 2232 omnes
244 2175 499 2240 adiuvantMuaee,
517 2193 534 2230 a
549 2176 650 2245 quibus
734 2175 768 2230 V.
779 2179 805 2232 2.
825 2177 944 2248 tongam]
965 2176 1063 2241 maius,
1087 2173 1211 2240 uberius,
1237 2171 1273 2226 ad

94 2246 219 2316 coluntur3
239 2249 328 2304 etiam
340 2248 509 2318 Augustum,
528 2247 576 2316 qui
593 2263 651 2302 non
699 2247 775 2317 quod
787 2247 1183 2318 cauendumlongioreltusae
1194 2260 1273 2314 prae·

93 2316 243 2373 murum
263 2321 359 2374 solum
376 2318 529 2373 virtutibus
546 2320 652 2373 eminet
699 2319 792 2374 sentia
808 2335 878 2388 opus
889 2322 941 2374 est.
960 2319 1005 2374 sd
1019 2319 1198 2388 insequentes
1212 2332 1273 2370 ver·

92 2387 131 2440 ted
144 2389 253 2446 deditus
270 2392 361 2446 etium
376 2393 421 2443 est
435 2389 492 2444 leni
506 2389 651 2444 Musarum
701 2408 748 2444 sus
766 2407 901 2461 compara
919 2391 1009 2446 Germ.
1020 2391 1042 2458 1,
1054 2393 1079 2456 1,
1090 2391 1205 2456 32-34,
1225 2386 1274 2441 ubi

92 2463 215 2538 temti,
233 2463 343 2532 quibus
360 2460 596 2531 quodimperium
608 2477 651 2514 sa·
701 2462 800 2517 eadem
826 2464 935 2517 ratione
958 2462 1069 2516 diversa
1087 2476 1191 2528 genera
1207 2458 1272 2527 lyri-

91 2532 179 2596 ptentia
195 2537 390 2604 temperatum
403 2533 488 2588 habet
505 2535 651 2602 acceptum
701 2550 751 2588 cae
769 2535 863 2603 poesis
881 2529 953 2589 tibia
971 2537 1001 2590 et
1019 2533 1080 2602 lyra
1099 2531 1274 2600 distinguun-

90 2600 172 2658 reiert.
212 2605 302 2661 Nulla
331 2603 406 2659 enim
433 2621 501 2660 vera
525 2607 652 2674 potestas
703 2608 760 2661 tur.
777 2634 812 2645 -
839 2604 953 2678 aeditis]
971 2605 1059 2661 Poeta
1078 2605 1139 2675 ipse
1155 2603 1212 2657 iam
1232 2601 1273 2657 ἓν·

90 2678 123 2725 eet
143 2676 199 2731 sine
217 2676 377 2759 sapientia;
399 2676 442 2730 ris
462 2676 580 2731 coneilio
597 2692 654 2731 nou
704 2683 770 2736 aroc
787 2679 838 2731 est.
863 2674 1027 2803 Interrogat
1044 2682 1137 2731 antem
1158 2675 1275 2731 circum·

91 2750 231 2815 temperate
247 2749 348 2803 meisa
363 2746 417 2803 diis
431 2752 477 2804 set
493 2763 584 2816 neque
604 2763 654 2817 po·
704 2751 830 2811 stantes,
864 2752 892 2803 et
924 2766 971 2805 eos
992 2766 1037 2803 em
1065 2746 1178 2817 quidem
1204 2762 1274 2814 quos

89 2819 135 2870 test
149 2818 257 2875 durare
285 2820 367 2874 Haec
385 2817 525 2881 sententia
540 2818 654 2873 uberius
704 2820 795 2875 Germ.
805 2818 854 2885 ΙΙΙ,
869 2821 919 2883 ut
942 2822 1124 2891 cogitaverat.
1142 2848 1173 2858 -
1200 2836 1274 2873 ama·

90 2888 228 2955 explicetur
257 2889 387 2961 imagine
413 2906 539 2960 pugnae,
569 2906 654 2959 quam
703 2891 906 2962 esturmenta]
925 2890 1093 2961 Oxymoron.
1128 2888 1181 2944 Est
1196 2885 1276 2941 furor

87 2961 197 3017 eoeleatie
217 2962 366 3033 luppiter,
385 2962 415 3015 in
431 2979 487 3030 quo
505 2960 595 3015 omnis
612 2978 654 3015 se·
703 2961 841 3032 poeticus,
868 2958 1083 3105 granatensis,
1115 2965 1210 3033 μανία.
1240 2988 1273 2997 -

88 3030 175 3095 pientia
192 3038 245 3099 est,
262 3050 336 3088 cum
348 3032 494 3088 Titanum
508 3032 653 3103 pugnavit,
702 3033 808 3105 curor]
827 3033 857 3087 iu
874 3050 960 3103 prosa
976 3053 1012 3090 vu
1044 3051 1075 3090 o:
1093 3034 1273 3096 atttotdeorr

89 3102 181 3157 rudinus
196 3108 227 3159 et
240 3102 653 3159 immoderatammterrestris
702 3108 737 3159 ut
761 3103 854 3159 Germ.
870 3104 906 3172 11,
926 3110 949 3170 1,
970 3110 1017 3175 θὶς
1046 3104 1097 3161 sed
1126 3102 1166 3157 sic
1190 3101 1274 3155 etiam

88 3181 187 3249 saturae
204 3178 317 3233 virium
337 3175 482 3245 exemplis.
502 3173 653 3242 Quaenam
704 3176 802 3231 Cicero
831 3176 867 3231 de
885 3178 965 3233 amic.
990 3181 1032 3244 12,
1043 3180 1087 3231 41.
1133 3172 1226 3227 Divin.
1245 3172 1274 3229 iu

87 3246 193 3322 mint,
214 3252 306 3317 poeta
327 3246 453 3316 perfecto
467 3246 653 3301 hoccarmine
704 3247 804 3303 aneil.
826 3250 867 3311 14,
885 3251 930 3303 to.
961 3276 993 3287 -
1023 3246 1145 3316 catenas]
1177 3243 1275 3299 Latior

86 3320 201 3381 petatem
227 3319 364 3373 celebrat
391 3334 461 3388 erga
494 3318 562 3372 deos
590 3334 654 3372 eum
675 3332 678 3335 ’
703 3319 786 3373 huius
810 3320 888 3374 verbi
914 3320 993 3375 notio
1017 3336 1075 3375 non
1090 3317 1180 3388 magis
1198 3316 1274 3370 auris

86 3391 353 3455 euueomunctam
364 3388 539 3458 sapientiam,
551 3389 654 3443 iustam
703 3393 771 3460 epte
788 3393 832 3445 est
850 3407 934 3459 quam
950 3392 1044 3461 aqui13
1063 3386 1218 3459 elegantius
1231 3389 1276 3441 est

87 3472 134 3511 een
155 3462 281 3515 cuiusvis
306 3460 461 3530 potestatis
487 3459 653 3515 moderatri-
703 3462 778 3515 euim
796 3478 878 3530 quam
899 3463 1017 3530 intrare,
1043 3460 1114 3517 nihil
1137 3456 1221 3514 eliud.
1240 3488 1271 3497 -

86 3544 141 3584 cun
185 3532 219 3589 ln
237 3548 300 3602 qua
321 3548 355 3585 re
374 3530 506 3587 Horatius
524 3531 654 3586 invocate
702 3533 854 3602 [metonae]
873 3533 912 3587 Et
926 3534 1059 3603 strophae
1074 3538 1104 3587 et
1121 3548 1214 3587 rerum
1227 3546 1275 3583 ne·

85 3598 149 3655 lluaa
166 3621 199 3659 eo
219 3603 385 3669 ferebatur,
407 3606 441 3657 ut
460 3620 477 3657 a
493 3619 544 3658 suo
562 3619 654 3659 exem·
703 3604 835 3659 cessitate
852 3604 1047 3675 coniungenda
1059 3608 1125 3659 sunt
1134 3605 1275 3671 salutares

86 3671 123 3737 plo
136 3674 171 3728 ad
185 3674 317 3747 Augusti
343 3674 478 3728 maiorem
502 3673 653 3729 auctorita·
703 3680 850 3747 palumbes,
867 3676 963 3742 mirae,
983 3675 1169 3747 prodigiosae.
1206 3671 1274 3727 Con·

85 3751 138 3811 tem,
162 3748 198 3802 ab
216 3748 359 3817 Augusto
385 3744 422 3799 ed
444 3746 605 3816 generalem
624 3746 654 3799 et
703 3750 810 3817 gruunt
826 3768 867 3801 aaa
882 3750 1024 3816 [amictae
1043 3752 1075 3801 et
1098 3764 1210 3818 pueram
1227 3764 1275 3815 pa·

85 3815 470 3945 ffllffffiffipfimff
503 3832 572 3943 roqe
585 3816 652 3872 libe·
702 3822 812 3943 mter.
837 3847 872 3859 -·
896 3824 926 3873 ta
943 3820 1042 3944 epulo]
1072 3816 1174 3941 anlltur
1199 3814 1274 3939 eplqt:

84 3959 178 4022 quidm
203 3979 242 4016 ue
265 3905 435 4030 philossoepilii
455 3905 547 4041 (magiis
562 3905 653 4028 'qim
703 3903 1275 4041 maffieneglimsffluwiffimffli

84 4034 169 4111 poetae
185 4049 249 4093 esse
269 4031 430 4095 videretur,
456 4030 585 4098 mythrcrs
612 4030 652 4085 fa·
703 4032 844 4089 currebat.
873 4032 979 4089 Demde
995 4033 1171 4099 insolitumq
1201 3973 1274 4091 upum,

84 4097 144 4179 buln
160 4104 266 4173 parum
285 4102 407 4160 maestis
430 4102 572 4170 ,prudenti
589 4118 653 4157 eon·
677 4173 679 4175 q
704 4102 754 4157 secl
772 4101 987 4169 fatendumst,
1015 4104 1090 4173 quod
1113 4102 1204 4172 prima
1221 4100 1274 4168 syl·

86 4172 136 4226 ulio
152 4180 267 4230 cautum
287 4178 348 4228 cst.
365 4172 420 4227 Vix
438 4172 575 4241 estquod
594 4190 654 4227 mo·
702 4173 767 4229 laba
790 4178 917 4248 Apuliae,
945 4192 1028 4245 quam
1052 4175 1185 4229 Horatius
1212 4170 1274 4225 aliis

84 4246 316 4373 fflshhritlleri
336 4243 490 4369 Hlmii‘lll
502 4243 532 4299 in
550 4243 654 4299 descri-
704 4244 775 4301 locis
801 4245 943 4375 prqduxvig,
970 4265 995 4301 v.
1008 4249 1275 4373 llittiompmdlflii

262 4332 537 4373 omarum
704 4334 982 4373 cumaeam
1079 4331 1228 4371 rarou

84 4388 195 4449 proxime
210 4387 365 4458 attingere
380 4386 501 4441 voluisse
516 4333 654 4441 rsuralirlgalii
704 4387 750 4443 sit.
779 4387 850 4443 Nam
867 4395 1065 4459 praeterquam
1084 4334 1160 4458 quoii
1179 4386 1209 4439 in
1226 4402 1274 4440 no·

84 4458 162 4524 laten,
180 4478 236 4531 qua
255 4459 423 4515 factiomm
440 4457 590 4513 temeraria
607 4475 654 4513 cu·
703 4460 824 4515 minibus
843 4459 965 4530 propriis
979 4460 1088 4515 Latinis
1106 4457 1198 4529 poetis
1217 4473 1275 4511 ma·

84 4527 174 4593 piditas
191 4534 271 4587 omni
289 4529 432 4596 utilitate,
458 4544 530 4598 quae
555 4547 590 4583 ex
608 4548 654 4585 su·
704 4548 760 4602 qua
789 4531 940 4587 admodum
966 4532 1083 4587 libentes
1110 4530 1172 4594 fuit,
1199 4546 1254 4598 apu

84 4601 210 4664 pedorum
239 4605 411 4672 temporum
438 4598 518 4657 fatali
542 4601 654 4657 atione
704 4620 790 4657 unum
800 4601 949 4659 Horatium
966 4602 1072 4673 triplex
1088 4602 1169 4659 huius
1186 4601 1274 4655 nomi·
