3125 5225
688 280 709 343 5

95 460 262 541 tonianae,
292 458 451 547 scriptum
475 460 695 543 quaestorium
712 463 750 544 ¹⁸)
785 460 846 525 sibi
879 462 1079 549 comparavit
1110 462 1130 527 i.
1156 484 1184 526 e.
1205 461 1304 543 emit3

97 592 162 655 qua
183 568 258 657 ipsa
280 588 319 633 re
339 567 458 633 iterum
482 568 651 655 probatur,
674 569 807 637 omnino
827 570 943 658 opibus
963 592 1039 635 eum
1061 591 1128 635 non
1151 570 1304 635 caruisse.

98 678 183 744 liam
206 676 297 765 quod
318 676 424 765 Epist.
449 676 494 759 11,
512 676 544 759 2,
564 676 607 743 49
629 677 728 777 dicit:

266 784 369 853 Unde
389 784 486 851 simul
510 784 650 873 primum
674 807 726 851 mo
750 786 905 852 dimisere
927 787 1074 875 Philippi

267 892 400 957 Deoisis
424 892 581 957 humilem
608 893 725 981 pennis
744 894 943 984 inopemque
966 897 1092 982 paterni

267 1000 312 1065 Et
335 1000 413 1066 laris
434 1010 470 1064 et
490 998 593 1082 fundi,
614 1010 792 1089 paupertas
812 1002 942 1091 impulit
963 1002 1070 1070 audax

269 1104 318 1174 Ut
337 1128 452 1172 versus
473 1108 626 1192 tacerem,

95 1216 129 1280 in
155 1236 196 1280 eo
223 1236 427 1303 magnopere
452 1215 632 1281 cavendum
653 1226 703 1281 est
726 1238 769 1281 ne
791 1227 1018 1305 paupertatem
1034 1218 1075 1283 ad
1092 1218 1235 1306 inopiam
1248 1241 1302 1283 au·

94 1344 193 1410 geaa3
227 1322 284 1411 qui
307 1322 399 1388 locus
422 1330 459 1385 at
477 1321 691 1389 difficillimus
710 1332 758 1387 est
781 1323 963 1407 intellectu,
996 1324 1041 1389 ita
1060 1326 1239 1414 praemissa
1262 1326 1304 1391 da

93 1432 297 1499 Luculliano
320 1430 422 1495 milite
447 1430 689 1497 narratiuncula
712 1432 905 1497 illustratur.
939 1432 1094 1499 Horatius
1117 1434 1204 1499 enim
1227 1455 1302 1499 eum

95 1562 160 1605 nou
197 1540 270 1605 aine
303 1539 405 1605 multo
434 1538 547 1604 labore
576 1539 757 1605 litterarum
787 1539 904 1606 studiis
925 1541 1110 1630 potentium
1133 1541 1302 1608 hominum

96 1648 378 1715 existimationem
409 1656 442 1712 et
476 1647 628 1714 beatioris
657 1648 743 1713 vitae
776 1668 867 1735 spem
900 1648 1038 1739 adeptus
1070 1660 1167 1734 esset,
1198 1650 1305 1717 civilis

99 1758 182 1822 belli
204 1755 345 1822 adverso
366 1756 458 1821 exitu
483 1776 526 1820 ex
547 1756 713 1822 curriculo
734 1756 822 1843 quod
844 1757 962 1823 inierat
983 1756 1124 1825 eiectum
1147 1780 1182 1824 sa
1211 1758 1303 1840 vidit,

99 1886 207 1953 neque
230 1864 345 1929 habuit
365 1863 454 1929 unde
476 1874 574 1929 autea
595 1864 709 1929 initam
732 1866 816 1930 viam
839 1865 956 1933 iterum
981 1875 1124 1931 tentaret
1145 1878 1199 1932 aut
1221 1890 1302 1957 opes

98 1982 153 2037 aut
176 1973 393 2039 voluntatem.
448 1972 640 2039 Patrimonii
674 1971 761 2059 quod
794 1973 959 2058 reliquum
989 1983 1060 2039 erat
1092 1976 1132 2040 ad
1166 1975 1303 2043 honeste

99 2081 279 2147 vivendum
320 2078 569 2168 haudquaquam
609 2080 809 2164 sufficiebat3
853 2082 910 2147 sod
949 2092 1127 2171 paupertas
1160 2083 1303 2149 animum

98 2189 188 2255 auxit
221 2200 255 2254 et
282 2190 326 2254 ita
354 2188 457 2265 auxit,
489 2198 525 2253 nt
553 2212 671 2255 noram
700 2190 760 2255 sibi
782 2189 890 2255 laudis
913 2191 998 2255 viam
1023 2192 1178 2258 audacter
1198 2193 1303 2281 aperi-

99 2306 159 2361 ret.
216 2299 297 2386 Ipse
319 2298 423 2383 prope
448 2298 557 2363 omnia
576 2298 743 2377 amiserat3
777 2298 856 2383 quid
877 2298 980 2385 igitur
1002 2300 1161 2383 hominos,
1184 2300 1301 2387 quales

100 2402 201 2487 urlgo
234 2426 309 2469 esse
338 2405 456 2489 solent,
489 2426 666 2493 eorumque
701 2403 743 2470 de
776 2428 812 2473 se
840 2408 972 2494 suisque
998 2408 1114 2475 studiis
1146 2408 1303 2475 iudicium

101 2514 256 2578 curaret?
300 2512 480 2602 Paupertas
501 2513 667 2579 audaciam
692 2514 793 2599 dedit,
822 2526 858 2581 ut
879 2538 994 2584 versus
1015 2519 1142 2583 faceret
1162 2518 1183 2583 i.
1209 2540 1238 2584 o.
1265 2527 1301 2583 ut

99 2620 216 2685 satiras
239 2621 400 2688 scriberet
430 2622 465 2688 iu
492 2622 604 2709 iisque,
636 2645 854 2713 quaecunque
884 2627 945 2692 sibi
976 2649 1100 2713 suoque
1131 2627 1172 2691 de
1202 2628 1302 2695 rebus

99 2740 133 2793 et
152 2729 307 2795 humanis
330 2742 363 2796 et
388 2731 538 2798 civilibus
560 2731 680 2798 iudicio
702 2735 825 2819 ubique
849 2735 1071 2821 displicerent,
1094 2735 1249 2801 irrideret
1262 2757 1302 2800 ao

97 2838 316 2927 vituperaret.
339 2838 395 2907 Sic
418 2839 537 2904 sensim
558 2839 644 2924 quod
666 2861 746 2928 opes
768 2842 929 2927 praebere
954 2865 1020 2906 non
1046 2851 1234 2930 potuerunt,
1253 2842 1300 2906 in·

98 2950 237 3036 genium
261 2949 428 3038 praebuit;
456 2949 588 3036 poetica
609 2951 748 3016 facultas
771 2949 902 3015 laudem
924 2960 957 3016 et
978 2962 1052 3038 post
1072 2949 1203 3016 laudem
1230 2971 1300 3016 rem

102 3079 237 3145 quoque
261 3056 291 3121 ei
315 3056 451 3144 paravit.
494 3055 588 3122 Hanc
609 3057 717 3121 inesse
740 3065 830 3144 patet
851 3059 1047 3124 sententiam
1073 3058 1106 3121 in
1128 3057 1213 3138 loco,
1246 3058 1302 3144 qui

98 3175 130 3228 et
153 3173 296 3229 vexatus
315 3173 366 3230 est
386 3163 607 3231 diversissima
632 3175 665 3230 et
687 3167 799 3249 gravis
820 3165 861 3230 ad
881 3165 1128 3254 perspiciendas
1157 3167 1300 3232 rationes

98 3283 217 3360 poetae
251 3271 389 3338 Romam
422 3273 556 3338 reversi.
611 3273 685 3339 Hoc
719 3283 829 3340 tamen
860 3275 927 3338 noli
959 3273 1115 3357 eredere,
1145 3274 1300 3342 iuvenem

100 3391 166 3446 tam
190 3379 401 3468 splendidos
424 3393 540 3446 natura
569 3393 776 3464 exornatum,
806 3405 902 3468 quem
934 3392 1000 3448 tam
1032 3384 1185 3468 aequales
1206 3405 1302 3467 quam

101 3489 223 3577 posteri
243 3491 387 3578 primum
411 3489 496 3554 inter
520 3512 632 3556 omnes
657 3491 727 3557 eius
749 3491 864 3556 aetatis
885 3492 1008 3578 lyricos
1044 3501 1159 3581 poetas
1188 3499 1302 3579 postea

104 3598 259 3677 colerent,
283 3607 379 3663 antea
401 3620 566 3684 nunquam
589 3599 668 3686 quid
688 3599 824 3684 ingenio
839 3601 966 3664 valeret
981 3600 1170 3680 tentavisse;
1192 3597 1301 3686 potius

105 3707 220 3771 misera
242 3705 354 3772 clades
378 3717 412 3772 et
442 3709 558 3772 acerba
585 3727 695 3772 rorum
726 3706 918 3772 vicissitudo
950 3715 1075 3773 tantum
1108 3705 1300 3788 effecerunt,

104 3825 137 3880 ut
156 3816 226 3900 „cui
247 3815 310 3880 arti
331 3815 433 3878 animi
458 3836 554 3879 causa
577 3814 705 3901 pridem
733 3815 870 3880 indulsit
889 3814 1049 3904 privatim,
1078 3835 1150 3882 eam
1177 3814 1241 3879 iam
1264 3813 1299 3878 in

137 4029 177 4098 18)
194 4027 323 4083 Fuerunt
341 4025 447 4080 Romae
465 4025 573 4081 scribae
592 4040 674 4096 quaa·
725 4030 865 4080 stratuum
885 4025 1125 4080 committuntur«
1171 4022 1299 4078 Scribam

103 4101 179 4168 atoni,
197 4097 351 4172 praetorii,
371 4096 502 4160 aedilicii,
520 4097 674 4160 tribunicii,
724 4097 895 4167 aliquamdiu
914 4097 1061 4151 Horatium
1084 4095 1180 4160 fuisse,
1212 4095 1298 4149 etiam

98 4173 231 4241 pontificii,
256 4172 286 4227 in
309 4167 444 4224 decurias
461 4166 553 4223 divisi.
569 4167 612 4222 Ea
628 4186 674 4222 au·
725 4169 802 4224 locus
821 4169 878 4224 Sat.
894 4167 929 4232 11,
941 4171 967 4232 6,
979 4171 1013 4223 36
1031 4167 1148 4221 suadere
1166 4165 1295 4235 videtur3

98 4251 142 4302 um
150 4263 271 4301 munera
284 4238 403 4297 venalia
412 4237 675 4308 suntquamquam
725 4240 774 4294 sed
798 4257 854 4294 non
882 4243 977 4308 potest
1004 4239 1073 4304 dici,
1103 4236 1235 4306 quamdiu
1262 4253 1296 4291 ao

93 4318 248 4386 lambuntur
270 4315 367 4370 etiam
388 4309 415 4363 iu
436 4309 586 4365 decuriam.
617 4311 673 4366 (lic.
725 4328 840 4366 munere
858 4309 970 4366 functus
985 4311 1038 4378 sit;
1057 4323 1298 4378 quamquampro-

88 4386 237 4456 internll,
249 4393 279 4454 3,
292 4387 332 4440 79
355 4379 446 4435 ’ordo
459 4381 614 4435 scribarum
627 4381 676 4435 hoss
723 4383 817 4436 babile
844 4387 896 4447 est,
930 4387 996 4452 post
1023 4383 1198 4435 contractam
1232 4395 1297 4434 cum

85 4473 168 4524 neotus
186 4467 252 4531 oat;
277 4455 351 4528 quis
367 4451 477 4520 negat?
494 4451 675 4507 estveroho-
724 4453 885 4509 Maecenate
912 4452 1132 4507 familiaritatem
1160 4449 1298 4519 scriptum

84 4546 173 4604 mnus,
202 4529 293 4606 quod
324 4541 433 4580 eorum
451 4521 592 4576 hominum
610 4523 674 4578 fidel
725 4526 760 4580 ab
779 4543 813 4582 eo
832 4524 972 4582 abiectum
992 4529 1021 4580 et
1039 4521 1182 4578 venditum
1200 4538 1268 4579 esse.

81 4615 176 4672 absim
203 4601 364 4681 publicae
391 4599 423 4648 Ol
446 4593 570 4663 1³⁰¹'icult
588 4595 676 4667 mssl·
