3125 5225
300 254 364 320 ³54
765 248 1036 321 SATIRARUM

351 439 416 515 Nil
443 452 525 515 erat
548 441 590 515 in
614 440 763 517 loculis.
811 441 951 517 Noctes
975 438 1161 541 vigilabat
1183 440 1234 517 ad
1259 441 1381 541 ipsum

349 566 477 658 Mane,
502 565 604 641 diem
628 578 753 641 totum
773 567 967 642 stertebat.
1019 564 1085 643 Nil
1110 565 1185 641 fuit
1211 590 1380 666 unquam

262 740 266 745 -
352 688 415 765 Sic
441 690 566 789 impar
591 692 674 767 sibi.
725 691 838 767 Nunc
864 690 1006 790 aliquis
1029 690 1135 766 dicat
1158 690 1275 769 mihi:
1301 690 1402 783 Quid
1426 674 1488 765 tu?

301 846 327 885 ιι
349 814 514 890 Nullane
537 814 656 890 habes
683 800 801 923 vitia?
832 816 957 891 Immo
984 813 1061 890 elia
1087 827 1125 889 et
1150 814 1312 891 fortasse
1336 814 1489 889 minora.

350 932 523 1015 Ma'enius
547 938 743 1015 absentem
768 939 935 1015 Novium
961 964 1047 1013 eum
1076 951 1269 1039 serperet:
1295 939 1400 1015 Heus
1424 951 1472 1033 tu,

350 1063 517 1156 Quidam
543 1064 606 1159 ait,
631 1064 785 1163 ignoras
812 1066 877 1139 tel
903 1090 953 1139 an
978 1076 1023 1139 ut
1047 1066 1223 1162 ignotum
1250 1062 1343 1139 dare
1368 1062 1474 1138 nobis

349 1188 481 1263 Verba
503 1190 643 1287 putas?
694 1189 859 1287 Egomet
885 1189 939 1263 mi
964 1184 1146 1287 ignosce,v
1161 1187 1336 1263 Maenius
1362 1188 1489 1287 inquit.
1546 1232 1547 1245 2

349 1312 493 1389 Stultus
520 1325 557 1387 et
581 1312 779 1411 improbus
805 1312 868 1388 hie
894 1338 1004 1389 amor
1029 1323 1086 1388 est
1112 1311 1331 1413 dignusque
1361 1312 1489 1387 notari.
1546 1404 1547 1415 ἶ

297 1468 324 1509 ιι
351 1438 450 1517 cum
476 1450 516 1511 tu
541 1436 744 1535 pervideas
771 1437 891 1513 oculis
915 1436 1017 1511 mala
1040 1437 1169 1537 lippus
1195 1436 1378 1533 inunctis,'
1546 1432 1547 1435 '

349 1563 429 1642 Our
452 1562 495 1636 in
519 1562 730 1637 amicorum
754 1562 856 1637 vitiis
880 1573 961 1637 tam
988 1562 1109 1638 cernis
1136 1558 1301 1656 acutum,

348 1686 473 1779 Quam
487 1684 764 1785 autequilaaut
776 1683 1201 1785 serpendEpidaurius?
1219 1684 1272 1761 At
1284 1684 1354 1761 tibi
1366 1695 1492 1760 eontra
1546 1680 1547 1695 ¹

351 1811 497 1907 Evenit,
526 1811 722 1910 inquirent
746 1811 840 1887 vitia
863 1824 906 1886 ut
931 1824 997 1885 tua
1021 1808 1151 1887 rursus
1177 1824 1217 1887 et
1239 1810 1310 1887 illi.

348 1935 577 2011 Iracundior
606 1948 663 2011 est
686 1934 814 2033 paulo,
842 1934 967 2009 minus
994 1912 1106 2035 aptus
1132 1935 1253 2011 acutis

301 2096 351 2151 isti
368 2097 439 2151 tales
457 2101 524 2152 eunt
548 2098 662 2167 qualem
678 2098 753 2155 hunc
771 2098 875 2155 decori
926 2097 986 2153 cuit
1019 2097 1245 2169 interpretantur
1285 2096 1492 2171 purarum,

299 2167 344 2222 bit
355 2168 488 2223 Horatius
499 2139 626 2244 Flaocus,
646 2186 788 2240 nunquam
810 2186 875 2225 eun·
926 2167 1003 2223 nulla
1021 2186 1087 2225 sane
1104 2169 1275 2225 auctoritate
1294 2167 1391 2224 adiuti.
1435 2172 1493 2249 Nar·

299 2239 364 2294 dam
386 2256 439 2295 nec
456 2240 574 2296 similem
593 2240 706 2310 quidem
715 2242 785 2311 aibi;
805 2241 875 2297 adeo
925 2242 1017 2296 uttam
1042 2256 1076 2296 ao
1100 2241 1162 2311 ipso
1189 2238 1265 2309 quod
1291 2243 1401 2297 certare
1421 2237 1491 2292 vide·

300 2311 331 2365 in
348 2310 490 2366 diversum
507 2312 645 2369 aberrat«
924 2314 974 2366 tur
992 2328 1055 2367 cum
1075 2317 1162 2369 caelis
1181 2316 1271 2383 lippus
1290 2316 1491 2379 immtaprae

334 2383 367 2437 V.
379 2385 422 2437 20.
444 2395 470 2437 st
486 2384 617 2454 sortasse]
644 2384 692 2441 Sic
710 2386 789 2439 recte
807 2384 875 2438 seri·
923 2380 1071 2439 ferandum
1089 2386 1141 2438 ast.
1176 2382 1231 2437 Eat
1248 2380 1423 2453 oxymorom
1449 2376 1493 2449 qui

299 2454 378 2509 bitur
399 2470 435 2508 ex
459 2453 588 2509 omnibus
605 2467 699 2525 prope
720 2455 873 2520 codicibus,
924 2454 1008 2538 lippia
1026 2454 1115 2510 oculis
1136 2454 1274 2526 pervidet,
1303 2454 1417 2509 mmule
1434 2466 1492 2521 per·
1546 2460 1547 2511 l

299 2524 390 2580 altera
414 2525 499 2580 lectio
528 2528 599 2580 aaut
626 2534 692 2597 [crs.
721 2542 875 2598 paucorum
923 2526 1010 2597 videt,
1042 2542 1142 2597 pamm
1175 2524 1314 2596 pervidet.
1370 2524 1492 2579 Ceterum
1546 2566 1547 2591 p

297 2600 408 2652 tantum
433 2595 514 2652 codd.
540 2598 709 2654 auctoritate
735 2601 875 2654 sustenta·
923 2613 980 2652 uon
1010 2596 1082 2653 bene
1113 2615 1148 2653 ex
1179 2596 1322 2654 nonnullis
1354 2594 1492 2652 codicibus
1546 2606 1547 2648 ὲ

298 2672 353 2723 tur.
391 2668 513 2734 »Habeo
536 2668 638 2740 iuquit,
662 2671 732 2726 vitia
750 2669 801 2726 aad
819 2670 875 2726 alia
922 2667 971 2723 alii
998 2673 1166 2741 receperunt
1187 2673 1259 2726 mata
1286 2673 1386 2742 lippus,
1412 2671 1444 2721 ut
1468 2681 1491 2720 v.
1546 2677 1547 2730 ι

300 2745 330 2795 et
347 2755 430 2811 spero
447 2741 565 2808 minora,
592 2757 650 2795 non
667 2745 748 2797 tanta
765 2741 874 2812 vitupe-
922 2743 956 2795 el
976 2744 1047 2796 mats
1066 2744 1155 2796 tasas.
1186 2743 1263 2796 liuta
1281 2744 1351 2796 eunt
1367 2738 1443 2803 vitia,
1460 2737 1490 2790 ut
1546 2755 1547 2778 2

298 2811 409 2867 ratione
432 2811 542 2883 digna«
589 2810 814 2879 Saa1‚4‚130.
849 2811 872 2878 I,
923 2809 1213 2882 Epist.n,e‚1ee.-
1232 2812 1413 2884 Epidaurius]
1432 2807 1492 2888 Epi·

300 2885 326 2949 6,
344 2885 388 2940 66.
433 2882 492 2937 lam
519 2883 559 2938 sic
575 2883 689 2938 videtur
708 2887 795 2955 poeta
811 2901 874 2954 per·
924 2883 1007 2938 dauri
1022 2883 1159 2954 templum
1184 2882 1239 2938 fuit
1255 2880 1426 2952 Aesculapii,
1452 2893 1493 2932 cur

300 2971 382 3026 gare:
420 2954 513 3023 »quod
539 2953 654 3024 quidem
680 2972 745 3010 cum
770 2955 874 3010 intelli·
924 2955 997 3010 sacri
1024 2959 1176 3026 serpentes.
1202 2983 1236 2996 -
1262 2957 1424 3010 iracundior
1446 2947 1493 3020 ast]

298 3024 874 3154 mittelalttlttttt
924 3021 1494 3164 blibd'isditillli-..h‘lllil

298 3169 390 3239 aolee;
422 3184 488 3222 nem
519 3168 591 3223 bane
621 3169 753 3240 perspexi
780 3168 874 3226 omnia
924 3113 1056 3224 derandis
1079 3113 1166 3224 setim
1191 3169 1302 3240 magnis
1333 3181 1417 3238 saepe
1443 3163 1494 3218 vir·

252 3279 258 3288 ι
298 3241 370 3295 vitia
386 3239 468 3310 peria
486 3255 543 3294 non
563 3255 632 3305 ease,
652 3240 737 3323 immo
755 3241 811 3296 alia
831 3257 873 3296 ae·
924 3239 1033 3322 tutibus
1049 3239 1186 3296 benevole
1203 3255 1397 3326 comperirem.
1435 3234 1493 3319 ¹Suo
1546 3301 1547 3308 ἵ

298 3313 874 3454 dibilidtllbltlgiilddillii
923 3314 1018 3436 ‘dit
1037 3311 1494 3452 ttalttt'dttttt
1546 3421 1547 3424 γ

299 3454 332 3510 ln
349 3469 406 3524 quo
422 3455 485 3508 loco
510 3469 546 3509 ne
569 3454 747 3523 arrogantiae
772 3471 806 3511 ac
828 3473 873 3510 au·
924 3399 989 3508 dam
1024 3455 1127 3523 putant
1156 3452 1329 3510 lineamenta
1365 3449 1494 3532 quaedam

297 3526 412 3596 perbiae
430 3525 577 3580 Horatium
594 3541 717 3589 accuses,
745 3526 873 3595 conside·
924 3540 1040 3580 suorum
1051 3541 1161 3580 morum
1171 3523 1239 3594 (Sat
1246 3523 1282 3593 11,
1289 3523 1386 3590 8,323.
1408 3521 1494 3606 Epist.

296 3613 344 3652 rea
361 3596 447 3651 velim
463 3595 593 3666 antiquos
610 3596 738 3652 heminas
760 3597 873 3653 alienia·
924 3591 1179 3664 1,1‚94‚1,20‚ae
1218 3613 1280 3652 eum
1305 3593 1493 3650 admiscuisse.

298 3668 384 3724 simos
401 3682 512 3737 semper
530 3667 617 3724 tuisse
634 3685 652 3723 a
668 3665 765 3724 fucata
785 3669 873 3724 illast
924 3666 1006 3736 Quod
1029 3683 1093 3723 oum
1111 3669 1145 3723 de
1162 3667 1239 3724 vitiis
1257 3667 1351 3738 possit
1375 3661 1494 3730 concedi,

296 3739 429 3794 simulata
445 3739 585 3793 modestia
602 3755 658 3809 qna
676 3744 775 3795 nostra
796 3744 873 3796 aetas
924 3737 959 3793 de
976 3739 1129 3794 virtmibus
1153 3755 1210 3794 non
1231 3741 1344 3864 potest3
1375 3751 1439 3791 nam
1462 3733 1495 3788 si·

297 3811 440 3866 immerito
484 3809 582 3865 loriari
609 3827 692 3881 saepe
716 3812 797 3875 solet,
825 3812 874 3867 da·
924 3810 1035 3880 quidem
1050 3809 1079 3864 in
1116 3809 1194 3866 nium
1208 3811 1231 3866 si
1251 3810 1338 3865 iesse
1356 3821 1493 3876 nunquam

297 3883 363 3938 inde
389 3883 471 3953 Tigel
486 3882 502 3894 '⁶
528 3881 600 3937 vitia
621 3899 693 3952 qnae
716 3883 874 3953 vituperas·
923 3883 1038 3952 negavit
1064 3882 1075 3952 (
1098 3895 1165 3936 erm.
1185 3881 1219 3952 11,
1239 3881 1282 3950 18,
1301 3883 1329 3936 9.
1373 3877 1422 3944 lll,
1443 3875 1494 3946 80.)

298 3959 342 4010 aet
368 3960 454 4026 poeta
483 3969 540 4008 non
572 3954 661 4008 solum
696 3971 752 4008 non
785 3971 874 4024 parva
923 3951 1067 4018 Horatius,
1076 3957 1172 4008 tanim
1180 3953 1280 4025 iugens
1290 3951 1345 4008 eibi
1354 3949 1494 4024 ingenium

297 4024 384 4082 iriam
407 4025 459 4080 aad
482 4041 552 4095 quae
575 4029 666 4080 totam
693 4025 814 4081 hominia
833 4026 873 4080 vi·
923 4025 961 4092 (v.
978 4027 1025 4093 ee)
1049 4041 1108 4079 non
1124 4025 1214 4096 magia
1232 4039 1366 4094 unquam,
1396 4021 1493 4076 nedum

295 4101 356 4154 tam
374 4096 528 4154 temeritati
547 4101 578 4152 et
594 4096 796 4166 cupiditatibus
824 4098 873 4153 ub·
923 4095 977 4150 hoc
1001 4099 1138 4166 tempore,
1165 4095 1310 4167 arrogavit
1335 4107 1419 4164 quam
1443 4091 1492 4146 sin·

299 4169 413 4226 noxiam
430 4183 596 4238 omnemque
616 4183 731 4238 operam
749 4172 780 4223 et
797 4168 873 4224 labo·
924 4165 1051 4238 gularem
1069 4166 1154 4222 animi
1171 4167 1338 4230 bonitatem,
1361 4169 1396 4219 nt
1414 4164 1493 4218 alium

296 4259 357 4299 ram
384 4241 496 4297 irritum
525 4255 682 4309 vanumque
711 4239 872 4294 redderent.
923 4255 1090 4310 quemquam
1107 4237 1253 4306 meliorem
1271 4254 1301 4292 ae
1316 4235 1494 4292 auderetur·

297 4343 333 4356 -
351 4310 475 4382 Nerium]
511 4314 606 4382 potest
638 4327 699 4367 ease
729 4311 872 4366 fenerator
961 4326 1000 4365 re.
1043 4310 1125 4366 Peius
1151 4310 1235 4365 etiam
1260 4311 1305 4364 eat
1327 4305 1406 4378 quod
1424 4303 1497 4376 apud

298 4385 404 4442 Nerius
436 4399 472 4440 ex
501 4381 558 4438 Sat.
578 4382 600 4447 1,
619 4385 645 4449 6,
667 4385 726 4437 121.
745 4411 782 4424 -
800 4386 873 4438 Hac·
949 4395 1063 4437 crouem
1079 4381 1198 4453 legitur:
1228 4379 1297 4436 »Hie
1313 4379 1422 4434 dicitur
1439 4375 1496 4447 pul-

296 4456 385 4584 ἕξει
403 4455 705 4598 Statilius.
719 4453 872 4581 mre
922 4451 1236 4581 rettulere
1250 4449 1498 4577 ‘¹...‘¹'⁰

296 4599 398 4670 quibua
416 4600 585 4672 panum,
602 4595 678 4670 qnod
690 4597 791 4669 quibua
805 4565 871 4669 ’pls-
923 4595 982 4669 tas]
1007 4595 1108 4668 quibus
1131 4594 1246 4652 minima
1270 4594 1357 4651 etiam
1376 4591 1496 4648 aliorum
