3125 5225
701 205 719 269 7

103 386 226 467 odium,
247 386 295 451 ita
317 385 433 473 optimi
453 384 610 471 cuiusque
631 386 904 455 existimationem
927 398 960 453 et
982 408 1128 453 amorem
1151 384 1212 451 sibi
1234 404 1307 449 eon-

106 491 239 559 ciliavit.
286 492 412 559 Contra
442 492 647 559 adversarios
679 514 769 558 suam
803 493 924 580 agendi
955 490 1185 580 scribendique
1208 490 1307 557 ratio·
1367 526 1371 534 ·

106 620 179 663 nem
201 601 378 687 ingeniose
399 614 433 667 et
454 602 635 667 liberaliter
659 602 819 681 defendit,
856 602 993 691 ipsaque
1023 602 1086 667 bac
1115 599 1308 667 defensione

107 730 207 773 noras
227 710 370 797 adeptus
393 724 444 777 est
463 711 631 777 satirarum
655 710 854 778 occasiones.
908 711 994 779 Cum
1016 710 1148 797 optimis
1173 718 1206 775 et
1229 730 1307 796 poe·

108 819 145 883 tis
166 820 241 885 eins
263 821 381 887 aetatis
401 833 435 887 et
456 822 574 887 artium
595 823 774 890 fautoribus
797 822 973 889 amicitiam
1007 822 1186 903 contraxit3
1221 820 1308 885 inter

107 950 187 1013 qnos
217 930 411 997 nominandi
445 939 521 995 sunt
549 929 674 995 Plotius
703 930 823 1013 Tucca,
851 929 890 997 C.
914 930 1056 1013 Valgius
1084 929 1199 1013 Rufus,
1232 929 1308 995 Ari-

105 1037 185 1103 stius
206 1036 350 1121 Fuscus,
379 1040 498 1105 fratres
520 1038 622 1121 Vinci,
646 1038 796 1121 Bibulus,
815 1038 947 1121 Varius,
971 1037 1199 1123 virgelius¹⁷)‚
1231 1038 1309 1105 asi-

106 1146 176 1211 nius
202 1147 325 1225 Pollio,
355 1148 509 1217 Messalla
538 1148 711 1228 Corvinus,
741 1147 808 1213 alii.
861 1146 983 1213 Varius
1009 1157 1119 1213 sutem
1144 1158 1175 1213 et
1198 1147 1309 1233 Virgi-

104 1253 167 1319 lius
189 1266 303 1340 poeta,
334 1279 471 1343 quorum
501 1258 564 1323 ism
592 1268 661 1322 tum
693 1257 826 1323 nomina
846 1266 941 1323 eraut
968 1255 1236 1341 celebratissima,
1271 1253 1308 1324 O.

107 1360 219 1427 Cilnio
244 1362 435 1431 Maecenati
464 1386 539 1429 eum
571 1364 851 1433 commendanmt.
909 1364 973 1445 Qui
1008 1365 1068 1447 vir,
1100 1363 1203 1431 nobili
1234 1364 1309 1431 loeo

103 1480 212 1554 natus,
244 1472 335 1560 apud
370 1472 548 1541 Caesarem
580 1472 795 1539 Octavianum
828 1474 930 1557 longe
962 1472 1235 1558 gratiosissimus,
1266 1471 1308 1539 ad

106 1580 286 1665 pscandsm
317 1581 483 1647 civitatem
511 1592 545 1647 et
573 1582 613 1647 ad
642 1582 729 1647 bene
759 1580 1046 1648 administrandam
1070 1579 1308 1668 rempublicam

105 1686 366 1773 efficacissimus,
396 1690 578 1755 litterarum
602 1691 826 1774 bonarumque
847 1689 965 1755 artium
997 1690 1114 1756 studiis
1144 1688 1307 1755 deditissi-

106 1820 188 1879 mus,
219 1818 296 1862 cum
318 1796 460 1883 primum
480 1798 559 1883 quid
581 1798 614 1863 in
637 1796 775 1863 Horatio
799 1807 888 1863 esset
908 1798 1073 1883 cognovit,
1104 1808 1194 1863 tanto
1218 1798 1307 1865 bunc

106 1906 234 1971 honore
258 1904 439 1971 cumulavit
461 1913 591 1989 tamque
614 1902 735 1970 teneris
754 1901 896 1969 vinculis
917 1903 978 1971 sibi
998 1903 1212 1987 devinxisse
1234 1925 1306 1971 sen·

108 2014 167 2078 sim
191 2024 311 2079 exorta
331 2013 444 2079 intima
475 2012 693 2079 familiaritate
723 2033 832 2100 neque
862 2033 901 2079 oa
930 2036 1074 2101 unquam
1103 2014 1230 2079 turbata
1256 2034 1308 2077 us·

108 2144 170 2207 que
192 2121 235 2187 ad
257 2131 399 2187 mortem
422 2122 518 2187 ambo
542 2120 705 2189 coniuncti
727 2130 907 2187 manerent.
950 2119 1021 2187 Iam
1042 2120 1221 2208 quaeritur,
1242 2141 1307 2204 quo

110 2232 252 2318 primum
277 2251 364 2295 anno
387 2229 545 2295 Horatius
565 2254 584 2294 a
604 2230 796 2297 Maecenate
815 2241 971 2317 acceptus
993 2228 1153 2295 videatur.
1196 2228 1309 2314 Atque

110 2340 143 2405 in
165 2340 228 2405 bac
252 2360 443 2426 quoquere
466 2338 664 2405 invenienda
683 2338 755 2427 ipse
776 2361 837 2405 nos
858 2336 956 2405 ducit.
1012 2338 1115 2409 Sexta
1143 2339 1231 2406 enim
1259 2361 1314 2412 sae

110 2448 169 2513 tira
189 2448 267 2515 libri
290 2446 425 2513 secundi
446 2456 537 2515 recte
558 2448 777 2515 iudicantibus
799 2472 828 2517 a.
841 2448 901 2513 723
920 2470 949 2512 a.
962 2471 993 2513 u.
1008 2471 1035 2515 c.
1059 2448 1135 2531 (set.
1156 2446 1237 2513 Hor.
1251 2446 1306 2531 34)

109 2555 229 2644 scripta
247 2555 394 2638 videtur,
418 2554 482 2622 iam
506 2578 579 2622 cum
599 2556 645 2622 ibi
670 2578 700 2622 v.
715 2556 758 2622 40
774 2579 845 2646 sqq.
868 2556 1027 2646 scriptum
1047 2555 1207 2641 legamus:

192 2665 357 2751 Septimus
380 2679 494 2732 octono
513 2670 655 2752 propior
677 2669 742 2732 inm
757 2663 891 2754 fuqerit
912 2689 1027 2754 annus,

192 2774 253 2840 Ee
275 2799 338 2864 qao
361 2773 532 2842 Maecenas
553 2799 602 2840 me
623 2778 729 2862 eoepit
750 2775 867 2842 belm
886 2797 1018 2842 aeorum

195 2885 236 2949 ln
258 2907 403 2964 numero,

111 2996 314 3078 atficimr²⁸)‚
347 3001 496 3058 exortam
518 3013 590 3058 esse
614 2991 701 3058 inter
723 2991 786 3058 hos
806 2991 895 3058 viros
918 2989 1094 3058 amicitiam
1114 3013 1143 3056 a
1156 3011 1188 3054 u.
1204 3010 1232 3052 e.
1247 2987 1308 3052 716

113 3115 256 3172 exeunte
277 3105 333 3170 vel
362 3101 542 3192 incipiente
573 3127 601 3168 a
625 3103 695 3168 tlt.
751 3101 870 3187 Neque
902 3123 983 3168 vero
1015 3099 1207 3189 imprudens
1237 3107 1308 3163 erat

113 3211 295 3290 Maecenas,
326 3235 403 3278 cum
433 3211 486 3298 qui
508 3211 584 3276 olim
608 3212 648 3278 ab
670 3209 809 3276 adversa
830 3219 924 3297 parte
946 3208 1179 3276 Brutianorum
1203 3209 1307 3273 stetis-

115 3331 163 3386 set
183 3330 279 3408 poata
302 3321 442 3410 primum
469 3320 511 3386 sd
535 3341 570 3388 se
593 3318 824 3386 adduceretur.
874 3317 959 3384 Nam
990 3317 1066 3384 audi
1096 3315 1216 3382 iterum
1237 3316 1306 3384 Ho-

115 3429 228 3494 ratium
251 3431 319 3498 Set.
342 3429 370 3512 1,
392 3431 424 3513 6,
445 3429 486 3494 54
509 3451 596 3516 sqq:

194 3537 295 3606 Nulla
315 3537 437 3604 etenim
461 3537 540 3602 mibi
559 3547 593 3602 te
615 3536 682 3602 fors
705 3536 839 3602 obtulit:
861 3536 1005 3623 optimus
1028 3534 1106 3601 olim

203 3647 374 3736 Vis-pilius,
394 3660 471 3732 post
494 3645 577 3712 taso
607 3645 732 3728 Variam,
755 3645 871 3713 dixere
895 3645 974 3732 quid
995 3664 1109 3710 essem.

197 3756 243 3825 Ut
266 3757 342 3820 veni
363 3777 486 3836 coram,
506 3753 675 3840 singultim
698 3775 805 3841 pauca
824 3753 962 3847 locutus,

196 3865 307 3932 Infans
329 3884 471 3947 namque
492 3862 597 3951 pudor
622 3863 817 3951 prohibebat
838 3861 941 3928 multa
963 3861 1097 3949 profari,

190 3973 267 4039 Non
290 3994 354 4060 ego
376 3993 429 4036 me
452 3971 539 4037 claro
562 3981 674 4037 natum
697 3981 803 4058 patre,
825 3994 890 4036 non
913 3991 977 4055 ego
1001 3969 1126 4034 circum

192 4083 245 4150 Me
265 4079 467 4152 Satureiano
489 4079 610 4146 vectari
631 4103 706 4146 rura
728 4079 868 4161 caballo,

190 4188 257 4258 Sed
281 4187 374 4276 quod
396 4207 485 4252 eram
508 4209 617 4253 narse.
661 4188 853 4274 Respondes
875 4199 911 4252 ut
933 4196 1007 4253 tuus
1028 4198 1077 4251 est
1098 4205 1168 4250 mos

145 4315 187 4378 27)
204 4311 264 4367 Sat.
284 4309 309 4372 I,
332 4309 377 4370 10,
400 4307 434 4360 81
455 4323 467 4360 s
488 4323 513 4376 q.
548 4307 568 4371 l,
589 4309 613 4372 9,
632 4309 674 4361 61.
738 4319 831 4362 ostano
846 4311 1112 4377 propioranaunum
1121 4322 1216 4358 nonant
1227 4303 1308 4370 puta·

144 4385 186 4456 28)
203 4384 236 4438 In
253 4380 316 4436 illis
330 4376 461 4434 versibus
469 4323 686 4434 difficileestad
735 4383 809 4433 rent.
848 4376 902 4431 Est
918 4381 1013 4432 autem
1029 4376 1166 4446 septimus
1183 4371 1308 4455 nondum

112 4453 336 4530 intelligendum,
345 4447 487 4517 quomodo
502 4447 590 4504 errari
605 4453 686 4519 potu·
735 4447 840 4515 finitus,
848 4449 897 4504 sed
912 4449 949 4503 ad
961 4447 1046 4503 mem
1053 4462 1181 4517 vergens,
1191 4459 1309 4524 proptor

109 4531 161 4587 erit.
177 4531 222 4584 Ac
233 4523 364 4581 inerunt
379 4525 472 4574 tamen
486 4519 531 4589 qui
545 4525 685 4592 septimam
736 4519 910 4590 insequentis
928 4520 994 4576 anui
1018 4521 1036 4576 i.
1056 4535 1080 4574 e.
1101 4517 1195 4574 octavi
1216 4515 1307 4570 initio.
