3125 5225
488 262 632 329 crau
655 261 757 330 aar.
773 263 841 329 111.
1186 263 1265 352 ¹cac

124 453 229 531 lratis
254 446 366 551 natus
386 455 515 555 paries
540 454 599 530 dis
623 467 741 555 atque
765 454 903 554 po'etis.

125 579 240 680 Atqui
263 579 390 655 vultus
417 592 499 655 erat
518 580 641 657 multa
665 592 704 655 et
728 579 929 677 praeclara
953 577 1145 675 minantis,

86 740 107 776 a
125 706 162 784 Si
183 728 347 780 vacuum
372 702 504 801 tepido
526 704 687 803 cepisset
711 702 849 780 villula
873 715 986 779 tecto.

125 830 311 922 Quorsum
335 828 522 925 pertinuit
545 828 688 928 stipare
712 828 875 904 Platona
895 827 1121 925 Menandre,

124 954 296 1052 Eupolin,
322 952 611 1049 Archilochum,
639 952 795 1031 comites
822 950 985 1029 educere
1006 957 1158 1031 tantos?

122 1080 311 1171 Invidiam
334 1078 491 1177 placare
515 1105 628 1179 paras
654 1079 797 1157 virtute
821 1079 981 1155 relicta?

124 1206 384 1301 Contemnere,
410 1205 538 1281 miser.
587 1204 758 1281 Vitanda
784 1216 840 1281 est
863 1204 1040 1302 improba
1065 1202 1174 1283 Siren
1251 1274 1255 1289 ,

83 1329 284 1427 silendis,
311 1342 379 1405 aut
403 1327 595 1430 quidquid
620 1330 701 1404 vita
721 1328 883 1405 meliore
904 1328 1059 1426 parasti,

122 1453 343 1530 Ponendum
368 1480 492 1555 aequo
512 1455 654 1531 animo.
677 1454 727 1529 Di
753 1466 804 1545 te,
823 1453 1064 1553 Damasippo,
1091 1453 1264 1553 deaeque

122 1579 263 1657 Verum
287 1582 339 1657 cb
365 1582 569 1657 consilium
594 1581 739 1656 donent
759 1578 935 1655 tonsore!
961 1578 1029 1655 sed
1059 1578 1162 1654 unda

120 1706 205 1781 Tam
232 1707 334 1783 bene
354 1732 419 1783 me
437 1707 564 1784 noeti?
586 1706 796 1806 Postquam
810 1704 932 1779 omnis
949 1730 1008 1779 res
1026 1728 1113 1779 mea
1127 1702 1264 1779 Ianum

120 1826 180 1905 Ad
202 1830 379 1909 madium
404 1833 527 1909 fracta
552 1846 617 1929 est,
643 1831 768 1908 aliena
794 1831 950 1929 negotia
977 1855 1068 1905 curo

80 1983 100 2024 a
119 1954 302 2031 &cussus
327 1957 518 2056 propriis:
546 1956 640 2032 olim
661 1982 751 2033 nam
778 1974 963 2056 quaerere
989 1953 1165 2030 amabam

122 2078 202 2173 Quo
228 2081 344 2157 vafer
367 2080 435 2159 ille
459 2081 578 2180 pedes
602 2081 759 2159 lavisset
783 2080 969 2181 Sisyphus
996 2104 1096 2175 aare,

79 2261 157 2314 niente
175 2264 205 2316 at
223 2258 504 2332 vnltuqnasilegera
516 2260 637 2318 videtur.
691 2259 814 2330 deaeque
830 2264 860 2315 ta
878 2260 984 2315 donent
996 2258 1126 2313 omnibus
1142 2256 1265 2312 boniset

82 2358 110 2367 -
120 2332 218 2404 μηίι]
236 2331 295 2399 Qui
306 2332 510 2387 mutentiarum
520 2334 566 2387 vel
579 2350 639 2388 var·
690 2333 810 2403 optatis3
827 2348 880 2401 pro
897 2348 953 2401 qno
971 2330 1065 2401 lepida
1083 2328 1265 2385 substituitur

79 2400 163 2457 borum
179 2402 301 2474 penurie
325 2407 501 2474 premuntur,
528 2405 639 2474 culpam
690 2398 1265 2475 tonsore-Postquam]HaacDamasippi

79 2472 221 2529 insulamn
242 2475 458 2545 parietibusque
476 2477 638 2531 inessesae-
689 2478 756 2529 sunt
772 2492 863 2545 nsque
880 2474 916 2528 ad
934 2492 962 2529 v.
971 2476 1014 2529 26.
1032 2502 1067 2515 -
1086 2471 1193 2543 lasum]
1205 2470 1265 2525 lani

81 2546 210 2613 perolent
226 2546 639 2617 clamareacsqnaexsecrstic
690 2545 855 2601 dicabantur
878 2562 974 2600 omnes
998 2561 1078 2601 arcus
1096 2544 1141 2599 val
1163 2542 1264 2597 transi·

80 2615 149 2698 mbos
163 2635 266 2746 'mi
283 2624 328 2674 est
347 2618 421 2674 enim
438 2620 639 2689 antiqusexse·
689 2620 781 2674 tiones
808 2618 935 2689 pervise;
964 2617 1059 2688 quales
1085 2621 1144 2672 tres
1161 2632 1263 2670 mamc-

80 2691 167 2743 asta:
271 2691 359 2745 iratos
382 2691 497 2746 haheat!
516 2690 560 2746 illi
573 2691 639 2746 deos
689 2695 790 2745 rantur
804 2691 840 2746 ad
851 2689 944 2744 forum
960 2689 995 2744 sir
1005 2689 1059 2743 siis
1076 2687 1263 2744 deducentes:

80 2755 168 2814 hacsi
193 2761 304 2829 Quibus
324 2763 420 2816 verbis
441 2762 546 2817 comice
562 2761 640 2816 eddi·
689 2779 823 2828 summus,
837 2760 956 2824 medius,
975 2762 1054 2815 imus.
1075 2759 1119 2814 Ad
1140 2758 1264 2813 medium

78 2831 118 2882 tur
137 2838 340 2902 utque-poetis,
364 2833 496 2903 quoniam
514 2833 558 2888 illi
574 2834 640 2888 irati
690 2833 826 2890 sedebant
851 2831 1023 2888 feneratores
1048 2835 1077 2886 et
1102 2830 1264 2900 argentarii.

79 2901 206 2970 mtem,
224 2902 366 2974 adquam
385 2904 516 2960 sedentes
532 2907 577 2960 sel
593 2923 640 2960 cu·
688 2903 780 2975 Epist.
791 2903 812 2971 1,
826 2907 902 2971 1,54.
915 2901 1165 2967 Cicdeoffllhili.
1176 2931 1208 2942 —
1220 2906 1264 2958 ss·-

79 2971 164 3029 barim
180 2976 320 3039 scribunt,
338 2976 440 3046 pugnis
459 2976 578 3032 caedere
596 2993 639 3031 eo·
689 2977 799 3049 sylus]
827 2975 870 3030 De
894 2974 1028 3032 hocloco
1048 2975 1263 3030 &hawidewinus

80 3043 138 3098 lant.
171 3045 309 3101 Similiter
324 3047 404 3101 Pers.
425 3051 448 3113 l,
472 3051 534 3104 lus:
565 3046 639 3102 »Nec
689 3066 778 3118 nuper
800 3048 913 3118 sgregIa
932 3047 972 3101 sic
992 3040 1160 3116 disputarit:
1181 3043 1263 3099 ›Per-

79 3113 190 3182 pluteum
214 3117 312 3174 caedit
332 3136 385 3174 nec
401 3118 546 3175 demorsos
565 3119 638 3190 sapit
688 3119 805 3190 vulgata
829 3124 891 3174 erat
913 3117 1016 3188 opinio,
1043 3133 1163 3172 massam
1187 3115 1263 3170 illam

78 3203 243 3257 urgueac—
257 3191 399 3260 niualis]
419 3191 483 3245 ride
501 3190 638 3262 adEpist.
688 3190 930 3258 (asrisCorinthii)
951 3206 1017 3244 casu
1032 3187 1127 3259 polius
1145 3187 1263 3241 mixtam

78 3255 159 3324 lili.
173 3260 344 3332 wacca]
363 3261 639 3332 otiosum-iapida
688 3262 830 3317 exstitisse
860 3279 945 3331 quam
974 3263 1036 3314 arte
1071 3262 1263 3329 temperatam.

79 3329 148 3400 terte]
163 3329 263 3388 Hieme
282 3332 638 3389 euimcslsbrabanturSa·
689 3335 779 3403 Capta
797 3334 872 3388 anim
889 3350 940 3402 per
957 3331 1122 3386 Mummium
1140 3332 1210 3385 urbe
1236 3334 1264 3385 st

79 3401 196 3458 matht
215 3403 401 3471 cf.csm.11‚
413 3407 440 3472 6,
452 3409 493 3460 17.
511 3405 637 3475 Epistl,
688 3406 802 3461 incensa
819 3404 942 3476 perustis
960 3403 1087 3473 plurimis
1107 3401 1263 3456 simulacris

81 3473 114 3533 1⁰,
123 3475 160 3528 15.
176 3477 221 3541 20,
233 3477 461 3549 19.-Ptasm]
480 3477 559 3531 cuius
572 3476 639 3532 libri
688 3481 775 3547 atquc
793 3477 894 3532 statuis
913 3474 1078 3530 fabulantur
1106 3474 1178 3528 aeris
1203 3473 1265 3528 auri

78 3540 143 3625 plapi
150 3545 384 3602 mntSecraticae
397 3549 542 3617 εἰρωνείας,
555 3564 639 3618 quam
687 3547 801 3619 argenti
819 3565 904 3604 ranas
922 3545 1116 3602 incommune
1135 3543 1266 3615 fluxissa;

78 3615 193 3671 taurim
209 3623 298 3688 poeta
315 3619 564 3675 aemulabatur-
584 3625 640 3674 atr·
689 3638 725 3675 ex
753 3637 808 3689 qus
835 3635 928 3674 massa
955 3617 1058 3682 catilla,
1090 3617 1262 3687 paropsides,

79 3695 125 3738 uls
139 3689 248 3761 relicta]
267 3690 338 3744 nihil
355 3691 411 3744 iam
430 3690 588 3746 scribendo.
602 3719 638 3732 ·-
689 3691 850 3746 statuncula
866 3689 921 3744 alis
940 3688 1040 3744 fecisse
1059 3687 1163 3744 fabros.
1209 3687 1264 3743 Sed

79 3759 182 3826 inpia
200 3761 294 3830 scen]
325 3762 519 3830 quia‘blanda
541 3766 586 3817 est
609 3766 639 3816 at
689 3763 738 3832 qni
755 3763 837 3819 unica
862 3761 1051 3816 vetuistissima
1068 3776 1195 3830 quaeque
1219 3777 1265 3814 ex-

78 3831 265 3888 secet-sisa
277 3833 470 3902 arctiorelncn
488 3833 636 3889 desidiosa
688 3833 898 3897 osculabantur,
914 3849 998 3903 aegre
1018 3831 1093 3887 farre
1111 3831 1262 3896 debebant,

78 3893 209 3958 Placent
227 3903 305 3958 enim
321 3903 416 3960 Stoico
435 3922 533 3960 severo
550 3905 638 3960 homi·
689 3905 764 3976 quod
792 3905 865 3960 aeris
883 3903 1021 3959 Corinthii
1047 3905 1123 3958 ultra
1148 3903 1263 3958 modum

78 3985 135 4050 num
149 3971 233 4030 iudici
242 3975 400 4031 Horatiana
416 3977 511 4042 satira,
523 3993 579 4047 qua
587 3977 638 4031 hc·
689 3975 809 4046 expetiti
828 3977 907 4046 origo
926 3973 963 4029 sd
980 3975 1139 4030 recentiora
1153 3975 1263 4028 saccula

79 4055 153 4096 mm
174 4047 309 4117 castigari
332 4064 504 4118 magnopere
533 4047 636 4118 gaude·
689 4047 896 4104 detruderetur.
916 4045 977 4114 Quo
995 4048 1119 4102 rationes
1136 4047 1261 4100 vetustu-

79 4108 298 4201 brt-pomis]
314 4113 426 4174 laudem
445 4124 475 4174 et
492 4136 637 4176 assensum
685 4119 727 4174 las
746 4136 810 4174 suas
828 4117 945 4173 mirifice
971 4115 1135 4173 conturbari
1161 4114 1263 4170 santia·

79 4179 199 4242 bonorum
217 4188 372 4244 hominum.
474 4253 478 4262 ¹
685 4193 763 4247 bant
800 4190 892 4262 Igitur
909 4195 942 4244 ut
959 4188 1066 4243 frustra
1084 4187 1194 4243 vanitas
1212 4204 1262 4241 sua

107 4255 135 4309 V.
152 4259 191 4314 16.
236 4263 417 4332 Damasippo]
438 4261 562 4317 Licinius
580 4263 636 4317 Ds-
685 4263 762 4318 illius
771 4261 827 4317 fida
840 4259 1067 4316 narratiunculae
1080 4257 1261 4329 redarguere·

79 4327 205 4399 muippus
221 4336 255 4386 ut
274 4335 431 4391 aarum
448 4337 558 4389 amator
570 4335 636 4390 hor·
684 4338 741 4400 tur,
761 4333 966 4404 perceptsbant
983 4331 1028 4388 val
1045 4330 1156 4386 abditos
1175 4347 1261 4399 sngu-

79 4400 210 4470 lmumque
238 4408 351 4475 emptor
379 4409 408 4460 et
423 4405 555 4460 venditor
578 4423 636 4461 me·
684 4405 728 4462 los
745 4405 917 4470 litterarum,
937 4404 961 4459 si
978 4402 1046 4474 quid
1056 4401 1186 4456 alicunde
1197 4417 1261 4456 cau·

79 4475 191 4552 moratas
206 4491 225 4530 a
236 4475 420 4532 Ciceronem
438 4493 455 4532 e
475 4477 574 4532 istolis.
593 4477 636 4534 De
684 4476 1004 4549 saesuaepatrocinium
1012 4469 1178 4529 invenirent.
1189 4472 1260 4527 Nam

79 4537 221 4601 Blascorum
228 4546 319 4603 barba
326 4548 438 4604 videad
482 4547 635 4617 atalae.
683 4554 792 4606 statuae
810 4549 922 4620 qnidam
939 4564 975 4602 ex
985 4563 1051 4601 aera
1061 4543 1190 4599 Corinthi
1208 4543 1257 4598 diu

79 4607 235 4684 tumere
261 4620 356 4688 potuit
376 4619 579 4692 nmsppus:
596 4620 635 4676 m
683 4626 748 4678 ana
764 4620 928 4676 nummum
951 4617 1013 4674 ssu
1031 4616 1134 4674 sonas
1148 4634 1183 4672 οι
1201 4615 1255 4671 cas
