3125 5225
746 236 1000 307 onemuuu

427 426 635 503 Refrenare
660 425 867 524 licentiam,

388 588 413 627 ω
532 551 667 631 Clarus
678 564 765 651 post
780 554 940 652 genitis:
959 565 1145 652 quatenus
1153 550 1284 629 -heu
1293 550 1495 628 nefas!—

428 677 621 753 Virtutem
645 677 878 754 ineolumem
903 678 1064 773 odimus,

528 802 725 877 Sublatam
753 826 799 879 ex
824 802 944 877 oeulis
971 802 1191 901 quaerimus
1214 800 1349 877 invidi.

431 926 536 1019 Quid
553 926 686 1003 'tristm
713 926 987 1027 querimoniae,

529 1048 672 1126 Sinon
696 1048 883 1149 supplicio
907 1049 1024 1149 eulpa
1046 1051 1247 1147 reeiditur3

391 1206 417 1248 n
435 1171 540 1265 Quid
561 1172 667 1272 leges
692 1173 774 1249 sine
798 1173 971 1249 moribus

529 1298 660 1374 Vanae
685 1298 900 1397 proficiunt,
920 1300 953 1374 si
972 1324 1098 1399 neque
1122 1296 1280 1375 fervidis

430 1422 524 1499 Pars
549 1423 696 1501 inelusa
721 1423 912 1499 caloribus

530 1547 669 1625 Mundi
689 1574 760 1625 neo
780 1548 928 1625 Boreae
951 1548 1158 1625 finitimum
1180 1548 1280 1623 latus

408 1676 676 1780 ¹Durataeque
702 1672 785 1749 solo
812 1674 920 1749 nives

387 1837 413 1875 40
531 1800 784 1875 Mercatorem
809 1798 982 1897 abigunt,
1008 1796 1165 1873 horrida
1187 1796 1319 1873 eallidi

435 1924 602 1999 Vincunt
628 1948 800 2023 aequora
823 1922 986 2018 navitae,

529 2047 716 2145 Magnum
740 2046 944 2144 pauperies
968 2046 1221 2145 opprobn'um
1245 2046 1353 2123 iubet

412 2170 596 2263 'Quidvis
623 2184 662 2247 et
691 2172 819 2247 faeere
844 2182 883 2246 et
905 2170 986 2269 pati

534 2296 776 2396 Virtutisque
795 2294 897 2373 viam
923 2294 1066 2373 deserit
1091 2296 1258 2375 arduae?

388 2457 414 2497 o
432 2420 507 2497 Vel
533 2404 602 2497 nos
628 2421 668 2495 in
696 2419 942 2518 Capitolium,

531 2546 618 2639 Quo
647 2545 792 2621 elamor
822 2558 932 2621 vocat
958 2558 996 2621 et
1020 2546 1134 2622 turba
1159 2545 1386 2643 faventium,

430 2673 502 2750 Vel
522 2665 599 2748 'nos
625 2673 666 2746 in
689 2696 796 2747 mare
820 2671 1038 2770 proximum

531 2799 712 2876 Gemmas
739 2808 776 2871 et
801 2794 950 2895 lapides
977 2821 1113 2872 aurum
1138 2808 1177 2872 et
1201 2795 1347 2892 inutile,

432 2921 581 2998 Summi
608 2922 811 2996 materiem
835 2920 937 3018 mali,

392 3078 418 3118 ω
535 3044 741 3141 Mittamus‚
769 3044 957 3144 scelerum
983 3044 1016 3117 si
1043 3044 1142 3118 bene
1163 3043 1346 3142 poenitet.

283 3227 372 3284 Tacit.
392 3227 463 3282 Ann.
484 3225 531 3294 XI,
549 3230 583 3282 25
616 3227 668 3281 »ob
694 3243 726 3282 ea
745 3225 856 3297 Vipsta·
910 3229 958 3281 19:
978 3226 1088 3281 »Bonae
1100 3226 1179 3298 leges
1193 3225 1492 3298 minusvalentqnam

282 3316 334 3354 nus
357 3300 454 3354 eonaul
478 3298 587 3362 retulit,
613 3311 716 3368 patrem
746 3311 856 3354 senatur
907 3298 1110 3353 heninowa«
1132 3329 1166 3338 -
1184 3319 1229 3352 aaa
1247 3297 1492 3368 aan1Repetan·

283 3368 479 3442 appellandum
497 3386 558 3425 esse
579 3369 749 3425 Claudium«
790 3369 857 3424 Sen-
908 3370 974 3424 dum
993 3387 1027 3424 ex
1044 3321 1277 3440 praesedentidus
1296 3375 1329 3424 αι’.
1361 3369 1493 3426 Ofr.Eu·

282 3441 374 3498 tentia
391 3440 530 3512 generalis
549 3445 600 3506 eat,
620 3441 669 3494 sed
687 3445 763 3496 tecte
780 3457 857 3496 mon-
908 3440 962 3527 rip.
979 3439 1101 3496 Eleu:
1129 3443 1203 3514 »ἔχει
1222 3437 1308 3496 νόσον
1326 3447 1428 3508 Πενία,
1451 3443 1494 3496 δι-

283 3516 392 3568 stratur
413 3513 566 3584 Augustus,
589 3511 637 3582 qui
654 3529 726 3566 anno
745 3511 856 3566 demum
909 3514 1006 3566 δασκει
1032 3511 1058 3565 δ’
1085 3507 1174 3585 ἄνδρα
1200 3514 1232 3588 τῇ
1256 3518 1338 3584 χρείᾳ
1370 3508 1491 3569 mciv«

283 3587 335 3640 teu
356 3590 445 3656 patria
457 3589 564 3654 patriae
579 3599 680 3638 nomen
697 3583 857 3653 assumpsit.
908 3583 976 3639 Hor.
997 3582 1054 3640 Sat.
1071 3582 1113 3648 Il,
1133 3589 1167 3650 3,
1185 3586 1230 3638 el.
1250 3615 1281 3624 -
1306 3587 1420 3639 stratis
1445 3607 1494 3641 ar·

285 3659 364 3728 Urbes
392 3659 487 3709 tamen
514 3657 546 3708 ut
577 3655 666 3710 Germ.
691 3654 721 3717 1,
748 3657 797 3720 36,
824 3657 859 3709 10
909 3655 988 3726 duaa]
1008 3669 1043 3710 ex
1058 3655 1180 3726 imagine
1190 3655 1312 3725 antiquis
1325 3655 1393 3710 satis
1402 3673 1494 3712 usur-

283 3727 383 3781 eontra
402 3731 510 3798 gentes,
539 3725 622 3780 rudes
649 3743 695 3780 eas
716 3731 799 3795 atque
816 3727 858 3779 in·
910 3730 991 3796 pata;
1019 3726 1151 3782 nimirum
1168 3727 1198 3780 in
1218 3725 1307 3780 arduo
1326 3729 1425 3782 monte
1446 3745 1493 3782 ar-

283 3799 382 3864 tultae,
406 3801 559 3867 ponuntur,
585 3797 625 3850 sio
650 3814 712 3852 oum
729 3799 858 3852 omnibns
909 3814 970 3852 cem
994 3813 1027 3852 ea
1055 3804 1153 3853 tenere
1177 3797 1345 3868 fingebatur.
1393 3796 1492 3854 Nobis

284 3869 341 3924 suis
361 3869 436 3924 vitae
454 3869 597 3923 hominum
615 3869 785 3924 ornamentis
812 3869 859 3923 hie
910 3867 955 3923 sia
974 3872 1052 3924 certe
1070 3869 1107 3924 ad
1124 3871 1259 3925 virtutem
1276 3867 1364 3923 ardua
1381 3873 1439 3924 est.
1458 3899 1488 3910 -

283 3941 452 4012 cogitantur.
481 3969 515 3979 —
542 3943 634 3994 clarus
660 3951 718 4009 post
744 3941 855 4010 penitis]
909 3943 1051 3995 clamaret
1066 3942 1155 4013 turba]
1175 3941 1206 3995 ἓν
1224 3938 1269 3993 διὰ
1291 3941 1375 3994 δυοῖν.
1403 3939 1493 3996 Sum·

284 4012 415 4084 quoniam
433 4012 565 4067 virtutem
590 4011 718 4080 aequales
744 4011 858 4078 invidia,
909 4015 960 4081 pta
977 4010 1045 4067 haee
1063 4026 1098 4064 ex
1115 4028 1220 4082 pompa
1235 4011 1408 4081 triumphali,
1431 4031 1493 4082 qua

283 4085 463 4139 veneratione
498 4082 607 4153 posteri
641 4085 857 4151 persequuntur.
910 4083 958 4152 qui
977 4099 1041 4137 suaa
1052 4082 1164 4138 divitias
1174 4083 1204 4137 in
1215 4099 1391 4138 communem
1400 4101 1491 4138 usum

284 4155 319 4211 of.
330 4155 421 4226 Epist.
432 4155 467 4220 11,
480 4159 503 4220 1,
520 4158 552 4209 10
567 4170 626 4223 sqq.
663 4153 754 4220 Quare
772 4155 859 4208 invidi
910 4152 1038 4208 conferre
1063 4154 1157 4224 parati
1183 4159 1263 4219 sunt,
1293 4154 1369 4208 inter
1394 4153 1490 4210 laetas

284 4243 341 4282 non
365 4227 401 4282 ad
427 4231 580 4298 quaerimus
607 4225 694 4294 magia
721 4242 804 4295 quam
822 4223 860 4280 ad
910 4225 1008 4295 populi
1040 4225 1253 4280 acelamationea
1283 4224 1428 4280 ducuntur
1456 4228 1488 4282 in

177 4349 180 4358 ,
285 4301 387 4353 odimus
406 4298 584 4354 referendum
608 4301 659 4353 est.
911 4295 1489 4421 Capitolium—qema,lapidaaLgem-

327 4369 360 4424 V.
380 4372 423 4425 36,
460 4375 490 4424 Si
521 4369 615 4442 nequo]
653 4365 859 4423 Gondieionalis
909 4383 971 4422 mae
989 4369 1161 4439 anaglyphas
1181 4373 1211 4423 et
1229 4373 1272 4423 eet
1310 4383 1357 4434 ae3
1403 4368 1490 4437 pidea

200 4459 203 4464 ’
285 4441 424 4495 sententia
442 4441 546 4511 triplex
569 4445 625 4508 est3
656 4457 742 4510 eaque
770 4437 859 4494 eonti-
910 4442 977 4494 aunt
992 4439 1119 4496 uniones,
1137 4439 1216 4494 ovid.
1232 4437 1262 4493 M
1299 4437 1484 4510 eamq:

284 4511 396 4592 uuanda
414 4511 553 4581 usquead
571 4514 649 4567 u44.
685 4511 730 4564 Ad
748 4513 859 4566 senten·
912 4510 1114 4580 »Conspicuam
1131 4509 1248 4595 gemmis
1268 4507 1354 4593 vultis
1378 4509 1487 4593 habere

285 4582 352 4634 tram
378 4582 506 4638 conferas
531 4583 622 4639 Taciti
650 4599 747 4638 vorem
765 4581 858 4638 Germ
910 4599 1029 4649 manum,
1040 4583 1159 4638 Induitis
1171 4583 1245 4639 eollo
1255 4580 1362 4651 lepidos
1372 4589 1488 4638 ornante
