3125 5225
340 1055 345 1064 ⁴
401 959 444 1063 Q.
475 957 695 1044 HORA'lll
725 955 914 1043 lincol

235 1157 278 1259 C
343 1159 395 1258 A
461 1155 513 1260 R
572 1155 628 1257 M
692 1153 723 1256 Ι
785 1131 838 1255 N
901 1153 952 1252 U
1022 1151 1080 1251 M

444 1363 584 1434 niune
605 1361 865 1432 succubus.

529 1718 718 1806 Onnnuu
756 1718 787 1804 Ι.
876 1693 879 1698 ’

245 1888 401 1964 Motum
428 1911 473 1960 ex
497 1883 654 1961 Metello
683 1881 840 1959 contulo
865 1881 1029 1958 civicum

243 2011 427 2110 Bellique
452 2035 582 2085 caueae
610 2023 647 2084 et
672 2009 763 2083 vitia
789 2018 826 2081 ot
851 2007 986 2082 modos

297 2135 534 2235 Ludumque
561 2136 737 2208 fortunae
766 2156 979 2232 gravesque

351 2259 572 2357 Principum
598 2257 784 2333 amicitias
807 2270 846 2332 ct
870 2283 977 2331 arma

220 2406 438 2484 aNondum
464 2405 625 2504 expiatis
652 2418 765 2482 uncta
792 2405 1003 2500 cruoribus,

243 2639 313 2695 car
322 2636 430 2695 mm
679 2600 740 2657 veri
759 2599 931 2657 simillimum
942 2599 1062 2668 ridetur,
1080 2599 1258 2656 civiliabelle

431 2678 439 2692 '
680 2690 742 2728 com
763 2673 836 2728 onita
863 2672 976 2742 quidem
1005 2689 1067 2726 aare
1091 2672 1141 2728 eod
1157 2672 1257 2727 animia

100 2742 123 2794 C.
139 2743 248 2798 Atinius
269 2742 365 2798 Pollio
384 2758 408 2795 a.
426 2758 454 2796 u.
472 2758 496 2797 c.
515 2743 568 2796 679
584 2758 631 2795 uu·
680 2690 805 2799 nonium
829 2743 1018 2799 reconciliatio
1037 2743 1132 2814 ignom
1148 2744 1201 2798 rub
1218 2744 1257 2798 ci-

76 2816 109 2865 tur
124 2814 224 2885 unguii
240 2813 355 2885 ingenii
378 2812 518 2883 animique
544 2812 632 2867 virtu·
681 2816 794 2871 neribus
814 2815 941 2884 latuiea03
965 2815 1062 2885 itaque
1079 2815 1203 2870 refertur
1221 2815 1258 2869 cd

72 2882 132 2939 tibur
148 2884 306 2941 instructus
325 2884 453 2940 civilibus
464 2884 544 2939 bellic
555 2900 633 2955 egro·
681 2905 705 2942 a.
718 2904 746 2942 n.
762 2904 785 2941 c.
797 2890 859 2943 725.

72 2956 130 3021 gion
147 2957 199 3011 eibi
209 2957 280 3012 belli
296 2958 432 3027 pacisque
451 2955 570 3025 gloriam
584 2972 634 3025 pa-
716 2957 747 3012 V.
765 2962 788 3011 l.
810 2957 928 3027 Metello]
953 2958 985 3026 Q.
1004 2958 1126 3013 Caecilio
1142 2956 1258 3011 Metello

73 3026 137 3079 ravit„
153 3026 222 3082 llam
245 3046 314 3083 cum
333 3045 358 3083 a.
370 3030 423 3081 714
441 3026 539 3082 conoul
558 3028 634 3081 earet
683 3028 778 3084 Celere
798 3028 830 3082 L.
848 3027 965 3084 Afranio
983 3028 1060 3084 Coae.
1080 3047 1104 3083 a.
1118 3046 1145 3081 n.
1161 3045 1184 3083 o.
1196 3028 1257 3083 694.

70 3103 171 3161 creatur,
197 3118 301 3170 pacem
330 3098 405 3153 iuter
427 3098 580 3153 Antonium
605 3100 634 3151 et
682 3132 713 3141 -
727 3099 852 3170 ciuicam]
868 3099 1113 3169 antiquior-forma
1126 3099 1259 3154 adiectivl

71 3165 233 3225 θεῑιιίιιιιιιιι
242 3170 456 3226 Brundusinam
465 3169 634 3236 conciliavit,
682 3175 712 3226 et
728 3187 817 3241 prope
834 3170 967 3225 nobilior.
985 3170 1020 3227 cf.
1040 3172 1132 3226 Carm.
1152 3170 1201 3234 111,
1214 3174 1258 3233 24,

71 3240 260 3311 etineequonti
280 3257 355 3297 auno
374 3241 456 3295 victie
481 3240 633 3303 Porthmia,
682 3244 725 3297 26.
751 3240 845 3311 Epist.
855 3241 876 3306 1,
888 3246 913 3307 3,
924 3245 969 3297 23.
994 3272 1030 3283 -
1057 3242 1183 3327 tollique]
1207 3239 1257 3295 Vr.

69 3309 163 3379 Illyrica
179 3320 278 3384 gente,
306 3313 479 3383 triumphum
504 3312 635 3382 impetra·
684 3316 752 3368 1-e
771 3314 795 3367 ei
835 3313 966 3368 ificuntur
983 3313 1106 3385 origines
1124 3318 1260 3368 rationee-

70 3384 108 3435 ιιι
132 3385 239 3441 Deinde
258 3385 338 3439 bello
358 3384 495 3439 abstinuit
513 3399 634 3438 omnem·
683 3385 794 3455 qnebcl
807 3402 887 3439 orum
903 3384 1042 3454 civilinm;
1060 3384 1199 3455 particula
1210 3405 1259 3455 qua

69 3469 111 3519 que
127 3456 237 3511 leudem
258 3458 290 3511 in
310 3456 411 3509 litteris
429 3456 565 3525 bonisque
591 3470 634 3506 ar·
683 3454 797 3525 triplico
814 3462 872 3510 troc
890 3455 1050 3511 efficiuntur
1068 3460 1171 3526 parter,
1188 3471 1260 3524 quae

69 3525 131 3579 libus
147 3528 300 3596 quaeaivit.
345 3525 403 3580 lum
421 3526 581 3595 eloquentia
598 3524 636 3579 ci·
683 3528 761 3596 ipsae
788 3526 1029 3582 intercedentibus
1062 3542 1086 3581 et
1114 3526 1259 3597 particulis

70 3594 136 3650 ubue
153 3598 259 3663 adluit,
280 3598 404 3653 ciuilium
422 3615 516 3651 rerum
534 3598 636 3667 peritia
684 3600 788 3653 iterum
811 3598 981 3653 dividuntur.
1023 3598 1094 3653 Nam
1118 3598 1261 3669 genitivua

69 3674 181 3724 renatum
200 3670 323 3735 adiurit,
353 3668 507 3738 tragoediis
531 3668 636 3723 amicos
685 3672 750 3723 belli
768 3686 826 3723 non
843 3669 880 3724 ad
897 3686 994 3725 causae
1013 3671 1105 3741 magle
1123 3686 1206 3739 quam
1224 3668 1261 3723 ad

69 3734 214 3796 delectarit.
238 3742 353 3796 Primus
370 3740 476 3795 Romae
494 3740 635 3809 publicam
684 3744 754 3794 oilla
784 3744 814 3795 ct
841 3744 931 3796 modos
958 3741 1120 3796 referendus
1147 3746 1199 3806 ost,
1228 3744 1261 3793 nt

70 3806 258 3867 bibliothecam
280 3817 311 3866 et
328 3812 498 3881 scriptorum
512 3811 637 3881 privatae
677 3810 790 3887 'bellum
808 3811 883 3865 undo
903 3814 996 3866 ortum
1017 3814 1062 3878 eit,
1108 3813 1156 3867 uid
1174 3813 1211 3866 eit
1230 3812 1259 3865 in

69 3883 236 3939 recitatione·
255 3890 409 3953 mutuaque
427 3883 579 3937 amicorum
596 3882 637 3935 iu·
685 3899 718 3937 eo
745 3886 901 3953 peccatum,
932 3887 961 3937 et
985 3900 1068 3953 quom
1108 3900 1125 3938 ο
1150 3888 1261 3955 gestum

69 3950 130 4005 dicia
144 3954 282 4011 institnit.
300 3954 355 4009 Iam
372 3954 475 4008 ecimus
492 3954 638 4023 ocripeieae
686 3970 768 4008 versu
787 3954 909 4009 necundo
925 3953 1078 4010 indicatum
1101 3955 1260 4009 babeamus.

69 4022 183 4081 Asinium
201 4026 388 4081 historiarum
406 4024 547 4080 bellorum
572 4024 637 4079 civi·
685 4024 804 4079 Accedit
823 4030 900 4080 lodus
922 4030 1066 4091 Fortunae,
1094 4044 1148 4096 quo
1173 4026 1262 4081 homi·

69 4093 126 4149 lium
139 4098 227 4153 libros
237 4096 335 4165 xvn3
353 4114 386 4151 ao
404 4096 516 4151 ridetur
527 4100 637 4167 partem
687 4114 736 4151 nea
762 4096 912 4163 iactantur,
940 4112 1031 4167 noque
1057 4104 1123 4153 eunt
1145 4098 1261 4151 minoris

71 4164 119 4218 elus
136 4170 230 4237 operis
249 4170 348 4225 amicit
372 4167 514 4222 recitasse.
560 4166 637 4221 lnler
687 4167 822 4223 momenti
849 4173 1002 4237 principum
1021 4174 1169 4232 amicitiae,
1189 4185 1260 4238 quae

70 4252 130 4301 quos
147 4258 211 4294 cum
228 4238 485 4295 udeeeetlloratiue
495 4244 638 4307 praestan·
687 4239 889 4309 rempublicam
908 4254 990 4307 qoam
1006 4239 1104 4296 iurare
1121 4238 1262 4295 debebant

72 4308 105 4360 tia
119 4313 211 4380 operia
238 4316 392 4381 tantopere
410 4314 502 4363 mutua
525 4313 577 4373 eet,
604 4314 638 4363 ut
686 4311 838 4365 turbarunt
857 4309 920 4364 idco
941 4326 976 4364 ue
1000 4332 1096 4383 proces
1122 4311 1261 4381 appellan-

73 4393 142 4433 mum
158 4387 187 4435 et
208 4383 245 4437 de
266 4397 354 4452 opere
378 4386 407 4435 et
429 4380 464 4433 de
485 4380 545 4435 viro
566 4380 638 4435 iudi·
688 4386 742 4435 tur.
763 4412 798 4423 -
818 4381 907 4452 arma]
959 4398 1009 4435 aec
1031 4398 1141 4451 quoque
1160 4381 1262 4452 priuci-

73 4450 135 4504 cium
152 4452 206 4508 boc
225 4454 353 4509 carmine
373 4450 511 4520 proderet.
530 4482 556 4491 ψ
577 4452 638 4519 Quo
687 4470 753 4522 pum
771 4455 845 4518 eunt,
869 4452 912 4507 ita
934 4456 967 4506 ut
986 4452 1102 4506 foedera
1119 4469 1215 4507 eorum
1233 4459 1262 4509 e't

73 4537 135 4577 euno
147 4525 479 4593 nortmannicarum,
497 4526 637 4593 prouertu
687 4540 764 4578 arma
783 4540 870 4593 aequo
890 4523 1047 4593 peruiciosa
1062 4523 1148 4580 fuisse
1170 4524 1262 4581 dican·

74 4608 121 4647 oou
149 4600 245 4666 potent
282 4594 433 4660 affirmuri3
476 4609 638 4664 quamquam
687 4598 741 4649 tur.
772 4626 804 4636 -
833 4594 983 4664 moritus]
1012 4594 1084 4665 plur.
1118 4614 1193 4650 uum.
1227 4596 1263 4651 da
