3125 5225
746 264 1000 335 cacumini

701 484 891 570 Osanna
922 483 1048 569 XXV.
1119 578 1123 587 ,
1219 499 1223 507 ’

377 679 463 772 Quo
486 703 558 773 me,
586 675 745 772 Bacche,
772 675 874 774 rapis
901 674 958 751 tui

474 801 662 879 Plenum?
690 825 790 900 quae
803 824 963 878 nemora
978 810 1046 873 aut
1053 822 1155 897 quos
1171 821 1268 896 agor
1281 795 1320 871 in
1338 822 1482 895 specus

374 928 496 1005 Velox
520 940 647 1003 mente
671 926 799 1000 nova?
850 922 999 1015 Quibus

475 1050 607 1127 Antris
634 1048 779 1150 egregii
805 1048 980 1143 Caesaris
1002 1046 1139 1125 audiar

349 1178 593 1257 sAeternum
617 1174 808 1254 meditans
833 1174 949 1251 decus

478 1300 604 1379 Stellis
629 1301 799 1379 inserere
823 1310 862 1375 et
888 1296 1046 1376 consilio
1068 1296 1200 1373 lovis?

377 1429 510 1505 Dicam
536 1426 685 1524 insigne
707 1449 839 1500 recens
864 1422 993 1501 adhuc

476 1549 667 1626 indictum
694 1574 760 1623 ore
785 1547 874 1623 alio.
923 1545 1012 1624 Non
1035 1570 1142 1624 secus
1166 1545 1207 1621 iu
1233 1544 1335 1643 iugis

377 1675 520 1752 Edonis
545 1686 672 1773 stupet
694 1673 820 1761 Erice,

445 1914 595 1970 omen
612 1911 696 1966 xxv,
867 1882 871 1890 ⁴
903 1913 951 1947 ros
978 1892 1098 1957 maiore,
1129 1896 1161 1947 ut
1187 1892 1313 1960 videtur,
1347 1890 1483 1945 veritatis

902 1964 996 2035 specie
1014 1965 1174 2033 suspicatur
1193 1969 1247 2029 est,
1264 1967 1382 2031 accepto
1410 1980 1484 2016 nun-

314 2033 518 2092 Ncntamdith
536 2030 853 2095 aecumenicam.
903 2037 945 2090 tic
977 2034 1012 2090 de
1048 2034 1122 2089 ricta
1153 2035 1303 2107 Cleopatra
1337 2036 1484 2103 captaque

278 2107 315 2173 ΙΙ,
330 2110 371 2173 19,
400 2104 450 2161 sed
474 2051 677 2172 ditdyrambica
701 2102 720 2155 i.
733 2118 772 2185 ,⁰2
789 2102 854 2156 sub·
903 2104 1074 2160 Alexandria
1108 2104 1257 2161 Horatium
1291 2106 1327 2161 ad
1366 2111 1484 2159 tantam

278 2180 338 2233 limi
355 2177 464 2231 ratione
490 2179 600 2230 tentata
618 2174 740 2243 Augusti
765 2190 852 2242 1mpe·
903 2177 1049 2233 Octaviani
1064 2177 1254 2233 laudationem
1272 2177 1378 2232 elatum
1410 2194 1482 2231 essa

279 2250 383 2305 rator-is
399 2247 533 2305 nudatio.
580 2242 664 2301 Cuius
681 2262 726 2301 ras
747 2249 850 2315 gestas,
937 2249 970 2303 V.
980 2252 1007 2301 2.
1036 2269 1105 2318 qaae
1122 2249 1246 2320 mera]
1275 2248 1318 2305 De
1365 2264 1484 2317 raepos.

279 2320 387 2377 divinas
404 2318 494 2389 magis
518 2333 601 2387 quam
622 2314 766 2381 humanas,
794 2332 851 2397 me·
902 2324 933 2376 ln
948 2319 1004 2375 huc
1021 2335 1133 2391 quoque
1150 2319 1299 2376 referenda
1348 2318 1484 2375 ,Catuli

279 2392 335 2447 rito
354 2391 547 2447 celebraturus
565 2390 649 2457 poeta
667 2392 747 2443 tenta
763 2386 852 2440 admi·
902 2394 935 2447 31
956 2394 1022 2460 (33),
1042 2393 1059 2445 5
1080 2407 1146 2445 »cur
1170 2408 1228 2447 non
1245 2388 1360 2445 exilium
1377 2392 1486 2445 malae-

279 2465 388 2519 ratione
407 2479 440 2516 ac
458 2477 546 2531 paene
570 2456 665 2514 lurore
691 2464 853 2529 correptum
902 2480 955 2531 que
972 2462 1003 2517 in
1021 2479 1083 2517 cras
1108 2461 1191 2515 itis'?‹
1233 2460 1312 2519 ovid.
1334 2460 1405 2515 Met.
1421 2460 1486 2524 Vll,

280 2534 425 2599 assensit,
451 2536 484 2585 ut
503 2530 604 2587 Bacchi
622 2533 736 2585 numine
752 2528 849 2600 imple·
902 2536 963 2589 708.
1006 2532 1085 2603 Virg.
1113 2534 1183 2587 Aen.
1201 2532 1248 2598 VI,
1268 2535 1329 2589 692.
1375 2536 1484 2604 Specus

279 2611 326 2662 tus
353 2625 388 2660 ex
412 2602 523 2676 vulgari
546 2600 689 2657 hominum
716 2606 800 2657 coetu
823 2600 853 2656 in
903 2609 999 2661 antem
1017 2608 1046 2659 et
1063 2606 1175 2660 antrum
1191 2603 1245 2661 hoc
1263 2604 1337 2660 inter
1356 2621 1385 2656 se
1398 2602 1484 2659 dilie-

280 2695 374 2734 sacras
384 2677 513 2746 regiones
524 2673 753 2742 Baccharumque
765 2674 852 2728 socie·
904 2682 979 2742 runt,
998 2675 1074 2746 quod
1092 2693 1190 2746 specus
1209 2676 1314 2731 dieitur
1330 2673 1365 2727 de
1378 2677 1484 2730 solitu.

279 2753 368 2804 tatem
395 2749 503 2804 ablatus
531 2763 591 2800 esse
618 2745 672 2799 sibi
699 2743 852 2798 videretur.
904 2747 969 2802 dine
995 2764 1028 2802 ac
1053 2747 1185 2802 vastitate
1211 2747 1275 2818 loci,
1302 2749 1420 2802 antrum
1449 2747 1486 2800 de

280 2819 355 2888 Quae
382 2817 460 2874 fictio
487 2817 599 2890 poetico
624 2819 727 2897 ornatu
749 2815 854 2870 nudata
904 2819 1000 2876 divino
1018 2823 1164 2888 poetarum
1182 2817 1351 2874 deversorio.
1370 2848 1400 2858 -
1423 2825 1487 2888 qui·

278 2892 333 2946 hoc
352 2891 429 2956 dicit,
449 2907 511 2944 cum
530 2889 653 2957 Augusti
671 2885 797 2955 ingentia
815 2887 853 2940 fa·
904 2895 951 2946 tas
970 2889 1069 2958 antris]
1090 2908 1148 2944 non
1166 2895 1208 2945 est
1226 2889 1345 2957 datiam,
1363 2888 1417 2944 sed
1435 2889 1485 2943 ab·

280 2965 376 3019 cincre
392 2962 527 3016 homones
544 2957 690 3014 facultates
718 2956 854 3013 excedere
903 2960 1006 3016 latirus
1022 2959 1087 3015 loci.
1107 2991 1142 3000 -
1163 2960 1330 3086 wffidses'
1350 2958 1447 3016 Germ.
1460 2961 1484 3025 1,

280 3035 430 3102 divineque
454 3033 548 3086 mente
574 3033 723 3100 procreata
742 3027 853 3084 videan·
904 3034 1034 3098 s‚11.-„-
1054 3031 1197 3102 medicam]
1216 3050 1259 3090 sue
1283 3033 1367 3088 'tetur
1385 3037 1486 3102 poeta,

279 3113 336 3174 tur,
365 3123 428 3160 eum
452 3105 537 3158 etiam
555 3107 667 3170 postam
685 3099 734 3168 qui
752 3101 853 3156 merito
905 3104 954 3175 qui
969 3121 1036 3173 quas
1054 3101 1247 3159 celebraturus
1265 3105 1310 3158 est
1323 3119 1368 3158 ree
1384 3103 1422 3158 iis
1440 3109 1484 3159 to·

279 3177 327 3232 illa
352 3193 452 3230 canere
477 3173 546 3229 velit
571 3171 665 3226 divine
689 3188 742 3242 ope
770 3189 854 3242 quam
903 3179 950 3230 tus
969 3177 1096 3241 temetum
1115 3173 1170 3228 iam
1188 3190 1253 3229 cum
1269 3173 1364 3230 divina
1381 3175 1413 3228 in
1432 3192 1485 3257 pe-

279 3247 398 3302 maximc
417 3245 544 3300 adiutum
563 3247 590 3298 et
606 3243 775 3298 instructum
794 3259 854 3297 esse
904 3251 982 3302 ctcre
1012 3241 1157 3315 poetarur'u
1186 3245 1228 3300 ris
1255 3263 1337 3316 saepe
1364 3243 1485 3310 efficiat,

279 3319 397 3388 debere;
423 3318 528 3374 etenim
548 3315 638 3382 deum,
665 3315 713 3384 qui
732 3313 855 3368 Baccha·
905 3320 938 3371 ut
956 3314 1135 3386 simulatque
1148 3317 1276 3373 oriantur
1291 3317 1483 3388 cogitationes

282 3408 342 3446 rum
359 3389 433 3444 leros
452 3389 558 3442 animos
579 3383 702 3451 flectere,
729 3385 853 3456 corpori·
905 3388 990 3442 etiam
1014 3385 1200 3458 proferantur,
1229 3392 1357 3443 meditari
1385 3385 1484 3458 ipsum

280 3463 333 3517 bus
344 3461 489 3516 insolitum
500 3457 588 3512 robur
605 3456 671 3512 dare
687 3457 786 3526 possit,
804 3457 854 3510 im·
905 3479 1003 3514 camare
1028 3462 1124 3584 potest
1150 3457 1316 3530 significare.
1360 3457 1482 3514 Sueten.

280 3533 409 3588 becillum
435 3531 519 3584 etiam
543 3529 685 3584 hominem
709 3525 744 3582 ed
765 3528 854 3583 coele·
905 3529 976 3602 Aug.
997 3546 1020 3586 c.
1051 3533 1081 3584 5:
1104 3529 1221 3586 »Exstat
1237 3531 1309 3585 alter
1320 3547 1408 3602 aeque
1421 3549 1481 3584 mo-

280 3607 352 3658 rtem
380 3607 491 3658 cantum
516 3600 659 3656 extollere.
699 3597 801 3654 Verum
820 3627 854 3638 -
905 3601 984 3656 dicus
1012 3607 1231 3674 epigrammatum
1265 3602 1374 3672 (liber),
1405 3619 1481 3670 quae

281 3675 321 3729 sic
340 3673 480 3728 clauditur
500 3687 654 3726 cermen—
666 3667 855 3742 periculosum
905 3674 963 3727 fere
981 3675 1110 3742 tempore
1123 3671 1216 3728 balnei
1227 3675 1430 3728 medicabilem«
1444 3703 1480 3711 -

280 3745 362 3802 simul
389 3751 420 3810 et
446 3737 579 3798 blandum
607 3747 651 3798 est
676 3741 721 3796 dei
747 3741 854 3796 numini
905 3743 1043 3814 indicium]
1073 3741 1108 3798 cs.
1127 3743 1219 3814 Epist.
1235 3741 1264 3809 l,
1282 3742 1328 3809 19,
1347 3745 1390 3800 32.
1440 3742 1480 3798 Ut

280 3817 368 3886 tradi3
390 3813 588 3888 periculosum,
608 3813 674 3882 quia
692 3830 748 3868 non
766 3814 855 3868 omni·
905 3815 1034 3870 indictum
1063 3818 1107 3870 est
1140 3815 1215 3885 quod
1245 3820 1309 3870 aute
1337 3831 1480 3882 nunquam

280 3890 333 3944 bus
352 3885 474 3955 contigit
491 3901 552 3939 eam
571 3885 645 3938 viam
662 3885 773 3954 impun'e
791 3903 855 3954 per·
905 3885 1013 3942 dictum
1038 3891 1089 3951 eat,
1118 3885 1158 3940 ita
1186 3907 1277 3942 reseas
1306 3886 1379 3956 quod
1407 3905 1481 3940 nun·

282 3958 374 4029 sequi;
406 3955 495 4021 dulce,
513 3956 577 4024 quis
595 3955 648 4010 iste
666 3956 745 4009 furor
765 3973 781 4009 a
800 3955 853 4012 dec
906 3974 988 4041 quam
1008 3961 1073 4012 ante
1091 3957 1225 4012 auditum.
1246 3988 1281 3996 —
1303 3955 1415 4028 Eccum]
1444 3957 1479 4011 In

280 4031 370 4096 venit,
408 4029 455 4097 qui
481 4027 540 4081 vini
571 4026 706 4083 beneficio
734 4027 855 4082 mortale
904 4028 987 4083 labris
996 4029 1124 4082 omnibus
1136 4027 1323 4097 scriptumest
1334 4035 1481 4092 exsomnis,

280 4119 367 4173 genus
388 4099 531 4154 hominum
550 4099 636 4153 auxit.
673 4097 718 4153 Sic
738 4097 854 4152 infirmi·
906 4099 956 4154 sed
979 4099 1073 4169 recepi
1103 4117 1166 4154 cnm
1188 4099 1328 4153 Meinelrio
1354 4099 1480 4154 Linlrero

281 4175 349 4228 tatis
373 4170 484 4227 accedit
509 4169 598 4224 libera
624 4169 770 4238 confessio,
797 4169 855 4224 ire-
905 4171 1027 4241 Hauptio
1051 4170 1225 4240 ingeniosam
1256 4169 1480 4225 emendationem

281 4261 367 4315 quens
387 4243 435 4297 illa
463 4241 575 4311 quidem
603 4239 677 4311 apud
697 4239 853 4296 Horatium.
905 4241 1039 4308 Bentleii;
1067 4257 1157 4310 neque
1180 4242 1254 4296 enim
1272 4242 1395 4296 Bacchae
1412 4258 1481 4310 per·

283 4315 476 4385 -Scriptum
506 4317 607 4382 putant
633 4327 705 4365 anno
724 4315 775 4367 725
808 4313 852 4367 vel
905 4319 991 4384 petua
1019 4312 1163 4380 agitantur
1189 4313 1285 4382 vigilia
1317 4329 1369 4367 nec
1394 4311 1481 4368 facile

280 4391 341 4452 726,
368 4403 422 4457 quo
448 4401 544 4440 omnes
562 4383 683 4454 Augusti
701 4384 855 4438 meritasse
906 4391 977 4458 impis
997 4384 1122 4452 epitheto
1140 4388 1237 4453 potest
1254 4401 1357 4438 carere.
1375 4382 1410 4437 cf.
1421 4383 1481 4438 Eu·

239 4490 242 4496 r
280 4458 406 4515 facinora
425 4459 570 4527 stupentes
588 4458 699 4509 tantum
713 4453 853 4509 hominem
905 4457 931 4508 ri
952 4498 958 4509 .
977 4454 1078 4509 Bacch.
1095 4457 1163 4510 682:
1197 4440 1308 4510 »Εὗδον
1331 4455 1363 4508 dt
1389 4457 1480 4509 πᾶσαι

281 4531 355 4584 ieter
381 4529 449 4583 deos
478 4543 566 4598 prope
595 4525 762 4582 referebant.
812 4525 853 4580 cf.
906 4541 1035 4598 σωμασιν
1052 4547 1092 4580 πα
1123 4531 1241 4598 spem«
1285 4525 1480 4582 scat.achi11.

282 4597 468 4664 damnis,
481 4601 523 4652 11.
569 4597 742 4667 Quamquam
769 4601 855 4653 Wate·
905 4596 927 4664 1,
938 4600 1006 4653 ott:
1027 4598 1081 4652 »As
1113 4597 1193 4653 acclii
1207 4596 1335 4662 comites.
1353 4597 1481 4654 &cusae
