3125 5225
766 235 957 305 EPODON

463 424 566 519 Quid
594 428 665 501 iate
692 428 767 503 fert
791 426 999 503 tumultus?
1027 438 1064 501 ct
1089 425 1182 525 quid
1205 425 1377 500 omnium

562 551 700 627 Vutun
725 552 767 625 in
788 578 908 627 unum
933 577 995 629 me
1020 552 1171 627 truces?

260 719 342 777 beria
360 721 500 788 collectas,
529 738 593 777 ossa
616 722 752 779 esurienti
769 722 833 778 cani
886 725 1023 793 carperet,
1045 720 1112 777 estis
1130 720 1277 777 effecisset
1304 720 1376 775 Sunt
1394 738 1452 777 car·

262 796 361 863 erepta
377 792 492 863 eiusque
504 794 581 848 sanie
596 812 755 865 conspersa,
775 794 834 864 qui·
887 794 970 849 minis
989 798 1123 867 quattuor
1140 796 1250 864 partes:
1272 792 1297 862 1)
1315 792 1395 861 pueri
1412 808 1457 846 na-

263 866 316 919 bus
337 865 465 919 omnibns
485 868 584 935 postea
612 863 741 920 addenda
769 870 834 921 sunt
888 865 1002 921 scientis
1029 864 1096 935 quid
1119 865 1173 921 sibi
1199 864 1328 919 muilieres
1346 866 1458 933 paratu-

263 934 386 990 medulla
403 939 433 989 et
450 936 529 991 iecur
550 938 629 1006 pueri
642 936 834 1006 famenecati3
885 952 934 991 rae
962 938 1019 993 sint
1048 927 1168 1005 qu'erala,
1196 938 1334 1001 v.1-10;
1364 938 1390 1001 2)
1412 952 1457 1017 ap-

264 1006 363 1071 altera,
389 1006 505 1077 Sagana,
533 1008 647 1063 domurn
673 1007 836 1077 conspergit
887 1012 1003 1078 paratus
1032 1007 1157 1062 omnium
1179 1024 1272 1061 rerum
1295 1021 1367 1076 quae
1386 1022 1458 1077 sagas

264 1094 337 1148 aqua
354 1077 459 1132 Averni
475 1078 552 1133 lacus
576 1078 621 1147 (ci.
641 1080 697 1135 Cic.
714 1079 795 1134 Tuae.
812 1079 834 1143 I,
886 1085 952 1137 sunt
969 1078 1152 1144 necessariae,
1173 1096 1199 1131 v.
1211 1078 1327 1145 11-463
1351 1076 1379 1147 3)
1397 1092 1458 1147 pre·

266 1152 325 1219 lc);
342 1150 437 1212 tertia,
448 1149 524 1215 Veia,
539 1151 666 1205 scrobem
676 1149 783 1215 effodit,
806 1151 836 1205 in
887 1168 933 1205 cea
949 1156 977 1205 ct
993 1150 1139 1205 consilium
1149 1148 1289 1213 Canidiae,
1306 1150 1458 1217 s.47-82;

265 1237 347 1291 quem
378 1220 522 1303 iniiciptur
553 1224 638 1305 miser
671 1221 719 1276 ille
752 1238 836 1291 puer3
887 1222 915 1305 4)
926 1222 1081 1305 exsecratio
1094 1222 1183 1291 pueri,
1196 1238 1221 1274 v.
1229 1222 1362 1275 83-102.
1380 1219 1458 1274 Prin-

266 1291 837 1434 titteitlst‘ttl'tslttd
887 1295 1097 1429 tottii
1114 1292 1340 1419 bituiti
1351 1294 1458 1429 etti}

264 1434 347 1504 cipue
374 1438 417 1487 est
444 1434 573 1501 Canidia,
605 1439 724 1505 propter
753 1451 837 1505 quam
888 1439 988 1506 quarta
1005 1434 1146 1518 duplicem
1167 1432 1255 1489 habet
1269 1450 1459 1489 versuumnu·

265 1504 358 1560 omnia
374 1507 521 1575 parantur-3
540 1524 572 1561 ea
585 1507 659 1561 enim
666 1506 837 1560 Variumiam
887 1524 996 1561 merum
1014 1523 1122 1576 primae
1140 1505 1238 1575 partis.
1262 1508 1399 1575 Grspps'as
1416 1506 1459 1557 to·

266 1593 369 1641 senem,
396 1592 413 1630 a
439 1592 496 1645 quo
519 1578 586 1632 olim
604 1580 698 1633 amata
715 1582 776 1632 tum
793 1594 837 1633 re·
887 1581 948 1633 tum
966 1594 1083 1632 carmen
1097 1576 1215 1631 Horatio
1233 1575 1381 1645 indignum
1400 1591 1458 1630 esse

265 1647 333 1702 licta
349 1649 402 1712 est,
429 1648 537 1717 magica
554 1649 583 1703 ui
598 1649 635 1703 ad
652 1667 682 1703 se
700 1647 836 1703 reducere
888 1650 1006 1713 censuit,
1033 1649 1166 1702 nimirum
1190 1664 1248 1702 non
1265 1663 1349 1701 causa
1366 1645 1460 1716 aliqua

265 1721 366 1773 tentat.
410 1717 486 1785 Quae
509 1720 642 1776 dicuntur
659 1720 689 1774 in
705 1718 759 1773 hoc
776 1736 837 1774 car·
888 1720 933 1775 val
951 1718 1092 1790 probabili
1111 1719 1219 1772 ratione
1229 1721 1331 1782 motus,
1352 1716 1401 1771 eed
1412 1734 1460 1787 pe·

266 1789 342 1843 mine
369 1806 386 1844 a
413 1789 529 1844 Canidia
549 1794 587 1856 (v.
607 1795 668 1859 49),
698 1808 715 1845 a
743 1792 838 1846 multis
888 1791 991 1846 tulanti
1009 1794 1087 1846 sotus
1107 1789 1230 1857 libidine,
1254 1806 1310 1859 qua
1329 1788 1359 1841 in
1375 1788 1460 1843 Hora·

266 1860 339 1915 male
357 1860 501 1915 intellecta
514 1866 590 1931 snnt;
610 1863 672 1933 ipsa
683 1862 757 1917 enim
773 1880 837 1917 cum
888 1864 959 1918 tium
976 1860 1101 1987 aliosgue
1111 1860 1262 1931 scriptores
1342 1858 1400 1913 sari
1413 1876 1459 1913 au-

265 1932 319 1986 hoc
343 1931 403 2002 agit
425 1948 521 1987 senem
546 1934 626 1988 illum
652 1950 741 2003 neque
760 1932 838 1989 videt
892 1952 939 1989 sus
963 1937 1020 2003 eat;
1070 1932 1276 2001 eerlkampiop
1305 1930 1366 1985 curt
1384 1934 1460 2000 quat·

268 2020 357 2073 neque
385 2003 477 2068 audit,
512 2022 576 2058 nam
603 2022 782 2075 quaecunque
809 2005 839 2061 id
890 2010 956 2061 tuor
983 2021 1080 2059 versus
1105 2004 1158 2070 (vv.
1171 2006 1214 2059 69.
1233 2006 1277 2058 70.
1295 2005 1338 2057 87.
1359 2004 1405 2071 88)
1431 2006 1461 2056 ιιι

240 2070 255 2101 ’
266 2074 390 2129 indicare
411 2074 591 2130 videaturad
606 2076 731 2131 furorem
750 2082 779 2131 et
795 2094 839 2131 er·
893 2076 1002 2147 spurios
1020 2075 1166 2145 expellere,
1197 2074 1340 2129 Bentleius
1359 2074 1394 2127 de
1411 2072 1467 2126 dii·

268 2146 383 2200 dentem
406 2145 591 2215 cupiditatem
616 2146 741 2202 mulieris
770 2148 839 2202 reie-
889 2147 1021 2203 ficillimis
1047 2146 1175 2201 versibus
1193 2149 1237 2203 87.
1255 2148 1290 2200 88
1318 2144 1390 2199 adeo
1413 2144 1460 2199 de-

267 2216 355 2271 renda
377 2221 451 2270 sunt.
499 2218 627 2283 »Adeste
657 2218 763 2287 inquit,
791 2236 840 2273 no·
890 2218 1028 2289 speravit,
1061 2221 1093 2271 ut
1126 2234 1172 2271 sus
1194 2217 1333 2280 icaretur,
1372 2216 1461 2271 locum

266 2290 368 2342 ctuma
383 2288 505 2353 numina,
523 2289 594 2344 mihi
612 2289 724 2353 auxilio,
742 2289 840 2344 adver·
890 2290 950 2345 sola
972 2289 1099 2359 spongia,
1130 2234 1209 2342 nullia
1233 2289 1288 2343 alia
1314 2286 1460 2354 medicina,

268 2359 347 2413 sartis
365 2358 435 2413 meis
453 2361 573 2430 terrori3
591 2360 780 2415 Varnmenim
794 2378 838 2416 co·
889 2362 984 2416 sanari
1002 2378 1093 2430 posse.
1136 2360 1256 2414 Videtur
1280 2376 1393 2413 carmen
1418 2374 1461 2413 eo-

268 2446 342 2500 gam,
364 2434 396 2483 ut
414 2430 526 2486 ardenti
542 2448 637 2486 amore
655 2432 691 2487 ad
712 2448 756 2486 me
781 2432 839 2501 agi·
890 2432 955 2488 dem
980 2430 1039 2486 iere
1074 2435 1200 2500 ternpore
1220 2448 1293 2485 ·esse
1326 2429 1461 2499 scriptum

267 2505 346 2556 tatus
372 2506 511 2557 nocturno
535 2507 663 2573 tempore
685 2507 770 2557 uncto
796 2521 840 2558 ca·
890 2519 944 2574 quo
962 2502 1020 2558 Sat.
1039 2501 1068 2570 1,
1083 2504 1116 2571 83
1145 2518 1216 2570 quse
1241 2502 1288 2556 hic
1312 2518 1410 2556 severe
1434 2502 1462 2553 et

268 2571 337 2698 Billlo
354 2573 384 2627 et
406 2572 525 2629 delicato
549 2577 652 2630 ornatu
668 2573 782 2630 domum
798 2590 840 2630 re·
891 2574 1016 2648 muter
1033 2572 1284 2657 reprehenduntur,
1306 2572 1406 2628 eadem
1422 2588 1462 2627 aa·

282 2645 287 2656 “
310 2647 394 2712 quat,
427 2661 511 2700 canes
536 2663 572 2701 ex
599 2661 698 2701 somno
726 2646 840 2712 excitet,
891 2647 948 2702 tira
973 2646 1022 2701 illa
1047 2645 1164 2700 ridendo
1212 2645 1384 2700 referuntur.
1432 2644 1462 2698 ln

269 2715 376 2771 vicinos
392 2732 427 2769 ex
445 2715 529 2772 domo
546 2718 640 2772 elimat
656 2717 842 2773 ebomnibna·
891 2718 990 2774 Satiris
1011 2717 1086 2772 enim
1103 2663 1221 2770 ridendo
1236 2716 1342 2770 dieitur
1359 2731 1462 2770 rerum.

270 2803 324 2857 que
349 2785 520 2843 derideatur.
573 2789 619 2844 Sic
651 2806 695 2843 me
721 2788 857 2844 ulciacum
890 2789 1063 2845 Scholiastte
1081 2785 1221 2842 affirmant
1236 2786 1383 2843 Canidiam
1399 2803 1464 2841 sero

268 2858 307 2927 (v.
326 2858 397 2928 60).‹
451 2858 505 2926 Qui
532 2858 717 2930 insequuntur
743 2876 842 2915 versus
890 2863 1002 2916 nomine
1021 2859 1106 2914 luisse
1125 2861 1284 2924 cruciatam,
1304 2857 1465 2930 Neapolita·

272 2945 369 2984 caussa
398 2931 563 2998 ostendunt,
597 2931 700 3000 quibus
726 2930 842 2986 Canidia
891 2949 956 2987 nam
984 2929 1210 3002 unguentariam,
1239 2947 1256 2984 e
1284 2929 1388 2984 canitie
1412 2928 1465 2984 ioci

269 3000 314 3054 irs
331 3017 363 3055 ac
383 3000 479 3056 furore
498 3003 621 3057 excitata
636 3005 671 3056 nt
684 3001 841 3059 certissimo
893 3019 977 3058 cauea
994 3003 1035 3058 sic
1051 3001 1242 3072 appellatam·

270 3076 300 3127 et
319 3077 444 3129 extremo
463 3074 534 3127 artis
554 3091 620 3128 suae
632 3077 842 3144 genereutatur
907 3075 961 3132 Ν.
972 3077 994 3128 1.
1032 3075 1073 3142 at]
1098 3073 1207 3127 indicat
1227 3071 1371 3142 particula
1389 3071 1463 3126 dolo-

271 3146 399 3212 permota
417 3161 477 3198 esse
500 3145 613 3199 dicitur.
658 3144 730 3200 Nam
749 3143 842 3214 aquid,
892 3163 952 3201 rem
970 3150 999 3199 et
1012 3143 1217 3215 aegritudinem
1225 3159 1289 3198 cum
1301 3143 1388 3198 animi
1401 3159 1466 3268 &ug

271 3214 386 3278 clamat,
413 3214 519 3270 factam
546 3216 613 3271 est?
660 3217 715 3271 Cur
743 3217 842 3272 solitae
891 3218 957 3273 dam
987 3216 1169 3271 vehementis.
1221 3213 1325 3284 Incipit
1352 3213 1404 3269 Ovi

271 3289 346 3340 artes
363 3286 433 3341 nihil
451 3287 639 3342 adiuverunt?
686 3287 784 3343 Nullas
801 3291 842 3342 ta·
892 3289 957 3344 Her.
984 3287 1050 3352 xn,
1079 3291 1091 3340 1
1122 3286 1219 3342 eadem
1248 3285 1397 3356 particula.
1433 3311 1466 3326 -

270 3374 335 3412 men
362 3373 452 3427 neque
479 3359 580 3413 herbas
614 3376 704 3428 neque
733 3358 842 3414 radices
893 3359 1030 3483 quidquid]
1055 3357 1115 3412 Isis.
1134 3357 1237 3423 XXIII,
1262 3360 1294 3412 9:
1325 3356 1466 3411 »iurantes

270 3427 431 3498 inexpertas
451 3429 560 3499 reliqui,
588 3431 674 3484 immo
699 3431 785 3485 etiam
804 3429 844 3483 le·
913 3449 944 3486 er
963 3431 1011 3500 qui
1031 3429 1099 3499 quid
1127 3429 1242 3484 deorum
1269 3433 1337 3484 est«
1388 3425 1466 3482 Ouid.

271 3498 378 3554 ctulusn
402 3502 461 3554 eins
485 3503 635 3570 unguentis
659 3501 745 3566 illesi,
772 3519 844 3572 quae
925 3501 1005 3566 etll,
1018 3505 1064 3556 17:
1087 3498 1238 3571 »quidquid
1255 3498 1469 3554 mortale-crea·

274 3570 391 3623 aliarum
402 3587 526 3624 amorem
541 3590 696 3628 omncmex
710 3574 770 3627 eins
787 3573 845 3626 ani·
894 3591 981 3627 mun«
1032 3573 1162 3626 Ceterum
1185 3571 1289 3640 optime
1316 3570 1466 3632 Bentleius‚

272 3657 319 3694 mo
338 3640 431 3695 delere
448 3641 613 3705 debebant«
657 3643 763 3712 Quibus
784 3660 844 3697 ver·
895 3645 1001 3700 reiecta
1028 3641 1118 3698 altera
1143 3641 1262 3698 lectione
1289 3646 1410 3712 quisquis
1426 3642 1469 3692 .et

272 3711 316 3766 bis
345 3727 406 3767 cum
435 3713 589 3768 acerbitate
619 3717 648 3769 et
675 3717 718 3769 ira
751 3715 844 3768 ridens
895 3721 983 3786 rapte:
1016 3731 1120 3784 »neque
1143 3729 1211 3768 varo
1236 3712 1378 3768 invocatio
1405 3710 1469 3765 deo-

272 3782 342 3837 haec
361 3782 453 3838 addit:
477 3785 530 3839 »st
549 3803 616 3840 vero
633 3788 688 3840 alia
707 3791 735 3840 et
745 3790 845 3855 poten·
895 3803 957 3840 rum
982 3791 1040 3848 eet,
1066 3785 1116 3840 sed
1140 3785 1304 3839 exclamatio
1332 3783 1469 3838 duntaxat

273 3853 332 3908 tior
350 3872 417 3925 saga
433 3872 478 3910 me
496 3873 642 3926 superasse
650 3857 775 3926 videtnr3
795 3857 845 3912 aad
895 3861 925 3912 et
942 3857 1103 3922 obtestatio,
1117 3856 1211 3926 qualia
1226 3855 1283 3910 ista
1293 3859 1330 3910 lli
1342 3857 1413 3918 beai,
1434 3855 1470 3907 os·

273 3926 397 3980 nondum
414 3927 525 3982 ostendi
547 3929 614 3997 quid
639 3944 692 3998 ego
709 3928 842 3982 valeam«
896 3933 1000 4001 mopsi,
1021 3931 1088 3999 prot
1106 3933 1236 3998 Iuppiter,
1267 3945 1317 3996 pra
1334 3929 1412 3984 usae
1431 3936 1470 3980 ut·

274 3997 333 4052 Iam
351 4016 415 4053 curn
441 3999 470 4052 in
492 4015 525 4054 eo
554 4002 599 4068 sit,
625 4004 656 4053 ut
675 4017 793 4070 puerum
816 3999 845 4054 in
913 4021 945 4055 sa
963 4004 1097 4055 tenuisses
1118 4001 1202 4066 fidens.
1221 3998 1276 4053 Per
1294 4013 1402 4062 omnes,
1421 3995 1469 4058 ait,

274 4068 376 4125 fossam
405 4068 513 4126 iniiciat
538 4073 670 4139 terraque
697 4089 785 4141 usque
810 4069 847 4126 ad
896 4019 972 4136 deos,
993 4087 1044 4140 per
1061 4069 1195 4140 quidquid
1208 4068 1324 4124 deorum
1341 4069 1370 4124 iu
1387 4066 1466 4124 coelo

275 4159 307 4195 os
335 4146 429 4212 tegat,
454 4143 539 4196 miser
563 4142 610 4195 ille
634 4143 663 4196 in
691 4141 846 4197 dirissimus
897 4146 949 4207 est,
976 4142 1043 4210 quid
1063 4140 1200 4196 tumultus
1217 4140 1271 4195 iste
1292 4139 1345 4196 sibi
1365 4137 1466 4194 vulti«

274 4213 483 4267 exsecrationes
501 4214 630 4293 erumpit.
666 4213 773 4280 Quibus
792 4213 847 4268 Ηο·
897 4243 932 4253 -
951 4212 1069 4284 etquid]
1088 4211 1208 4267 Orellius
1226 4227 1261 4266 ex
1281 4209 1470 4280 compluribus

276 4283 364 4337 ratius
382 4283 524 4355 sapienter
547 4284 679 4338 carminis
706 4283 791 4338 finem
807 4283 847 4339 ie·
897 4283 1042 4341 codicibus
1067 4297 1115 4339 aar
1141 4286 1212 4353 quid,
1242 4299 1297 4352 quo
1325 4281 1470 4337 turbatum

276 4353 331 4423 cit3
348 4355 430 4440 pueri
448 4355 523 4408 enim
540 4373 635 4410 necem
654 4361 739 4424 poeta
755 4373 846 4424 neque
896 4355 977 4427 pueri
996 4355 1118 4409 animum
1135 4353 1233 4409 melius
1259 4352 1379 4426 exprimi
1397 4349 1473 4405 arbi·

275 4427 371 4494 potuit
387 4426 547 4480 describere
555 4444 645 4496 neque
657 4424 762 4490 debuit,
773 4443 845 4492 cum,
896 4430 998 4482 tratur.
1024 4425 1155 4482 Praeiero
1173 4425 1356 4496 plurimorum
1375 4425 1407 4476 et
1422 4437 1469 4476 an·

277 4495 307 4550 id
324 4497 399 4566 quod
413 4496 506 4562 vellet,
525 4498 656 4552 nimirum
667 4501 699 4552 ut
708 4495 847 4552 insoniam
895 4497 1116 4568 tiquiseimorum
1151 4495 1279 4552 codicum
1313 4493 1466 4552 auotorita-

276 4567 439 4622 immanium
480 4570 629 4626 mulierum
669 4568 847 4626 vehementer
895 4574 962 4628 tem.
995 4595 1025 4614 -ν
1058 4567 1094 4640 te]
1125 4566 1286 4638 Alloquitur
1318 4564 1468 4628 Canidiam
