3125 5225
319 356 331 367 ,
383 274 647 348 cesarano
667 278 909 351 corrrorus
932 280 991 347 ιν.
1247 305 1295 344 m

90 466 400 545 admonitionem
424 480 577 545 secutus
602 466 856 567 locupletavi3
891 468 1084 547 indicibus
1110 480 1149 547 et
1171 465 1295 543 nomi·

89 592 240 667 minum
267 604 458 670 atrorum
487 592 592 668 haud
616 620 740 693 pauca
765 593 914 690 addidi,
941 618 1042 695 quae
1064 592 1156 670 olim
1181 616 1290 689 prae·

89 715 339 791 termittenda
357 716 581 793 viderentur
605 728 671 795 aut
688 742 822 794 recens
845 730 973 794 essent
989 729 1154 816 recepta.
1177 716 1294 792 Prae·

91 854 197 917 terea
211 840 318 917 haud
332 840 547 940 indignum,
568 862 692 941 spero,
713 854 979 919 ornamentum
993 842 1151 919 accedet
1161 840 1294 917 tabula

91 965 210 1041 villae
227 964 476 1062 Hor-atienae,
505 964 746 1065 quanfilius
771 968 916 1063 tertius,
946 968 1014 1066 qui
1039 992 1142 1043 nunc
1166 966 1290 1064 ipsum

90 1090 247 1166 Horatii
269 1090 442 1166 carmina
462 1088 634 1169 lectitare
659 1092 867 1186 inchoavit,
888 1116 952 1169 me
975 1093 1074 1169 duce
1092 1117 1207 1192 quam
1223 1113 1293 1189 po·

88 1216 164 1290 tuit
187 1214 477 1291 accuratissimo
502 1216 719 1313 delineavit,
756 1218 887 1295 Sosius
923 1217 1211 1295 honestissimus
1235 1215 1292 1291 la·

85 1339 171 1438 pidi
194 1339 449 1416 incidendam
474 1322 630 1417 curavit.
693 1342 740 1417 Iu
778 1368 856 1443 qua
887 1368 929 1419 re
961 1366 1197 1442 magnopere
1231 1366 1294 1419 me

83 1465 237 1540 adiuvit
261 1463 418 1541 libellus
444 1466 581 1565 gallice
605 1468 769 1566 scriptus
792 1468 867 1544 hoc
890 1468 1023 1544 titulo:
1060 1448 1185 1547 Bardo
1212 1469 1292 1545 dio-

78 1590 302 1693 arapham
326 1613 392 1666 aur
417 1590 572 1669 Horace
591 1604 672 1697 μιν
698 1592 745 1671 A.
762 1592 865 1671 Noui
885 1596 950 1671 dea
984 1594 1132 1695 Veryera
1157 1591 1290 1687 (Paris,

80 1714 207 1789 Didot
227 1716 361 1810 1855);
390 1714 452 1789 cui
479 1740 579 1814 quae
603 1716 759 1792 additae
784 1729 875 1793 suut
896 1716 1061 1813 tabulae,
1087 1716 1208 1793 altera
1233 1716 1292 1791 in·

82 1840 234 1939 scripta
283 1840 387 1918 Villa
433 1840 625 1919 d’Horcce
655 1856 690 1919 et
726 1870 784 1919 sea
821 1848 1006 1937 saviram,
1044 1843 1165 1918 altera
1190 1842 1293 1921 Plan

83 1963 392 2067 topoyraphique
427 1967 472 2043 de
509 1968 550 2043 za
584 1968 706 2045 valle'e
745 1972 791 2044 de
829 1972 870 2045 la
902 1967 1084 2070 Druentia
1118 1970 1225 2045 etde
1252 1970 1293 2045 lo

84 2090 195 2165 oilla.
215 2088 421 2184 eroraoe,
448 2092 575 2167 dre-ssd
590 2116 673 2195 par
697 2092 770 2167 Mr.
786 2093 916 2169 Pietro
929 2092 1047 2186 Boea,
1073 2092 1286 2188 architecte,

86 2237 150 2287 ms
190 2211 354 2313 quidem
389 2212 607 2288 immutatae
632 2196 804 2314 recipere
829 2240 907 2291 uon
933 2214 1042 2291 licuit
1073 2240 1146 2291 neo
1179 2216 1212 2291 si
1245 2216 1292 2292 li-

87 2336 229 2421 cuisset
274 2335 500 2433 voluissem3
538 2338 659 2413 vetuit
694 2340 795 2417 enim
829 2352 911 2419 tota
940 2339 1158 2419 tabularum
1193 2341 1292 2418 ratio

88 2486 220 2561 neque
246 2460 351 2538 clara
375 2464 465 2539 satis
493 2475 559 2539 aut
591 2466 794 2563 perspicua
826 2490 952 2566 neque
984 2464 1290 2543 adolescentibus
1324 2547 1329 2560 x

88 2582 304 2660 admodum
328 2584 478 2662 habilis.

136 2707 401 2810 Peerlkampii
427 2710 468 2786 in
492 2711 647 2789 Horatii
670 2715 843 2791 carmina
875 2714 1090 2814 gravissimi
1125 2717 1292 2815 impetus

86 2832 127 2909 id
161 2833 386 2930 effecerunt,
422 2847 476 2932 ut,
512 2837 733 2938 quicunque
772 2866 818 2916 ea
850 2840 923 2917 sibi
949 2841 1046 2942 eripi
1081 2867 1160 2917 non
1183 2853 1292 2941 pato-

86 2971 234 3055 rentur,
252 2983 351 3058 quac
375 2971 432 3036 tot
457 2959 695 3038 saeculorum
723 2977 910 3062 perpetua
934 2965 1138 3042 admiratio
1161 2969 1203 3042 in
1221 2991 1291 3066 po·

86 3095 235 3159 aterum
270 3108 426 3184 quoque
450 3085 645 3162 videretur
680 3113 860 3186 sacraene,
899 3089 1119 3168 dulcissimo
1142 3103 1292 3189 poetae

87 3208 218 3284 verius
245 3209 509 3309 intelligendo,
548 3207 687 3289 rectius
713 3215 1015 3313 interpretando,
1053 3217 1199 3292 acutius
1224 3216 1290 3314 de·

88 3331 291 3408 fendendo
317 3335 538 3412 continuam
564 3363 722 3434 operam
748 3352 944 3416 navarent.
976 3341 1056 3418 Nec
1079 3341 1290 3441 quidquam

89 3455 198 3532 aliud
224 3456 364 3534 efficiet
380 3459 555 3564 Grstppii
576 3460 686 3560 liber,
710 3465 776 3564 qui
802 3465 1096 3565 aPecrllrampii
1121 3464 1291 3542 sollertia

91 3595 126 3656 et
150 3581 331 3658 acumine
357 3583 524 3662 immane
551 3599 734 3685 quantum
762 3588 964 3688 discrepat.
991 3589 1147 3667 Nescisse
1174 3589 1287 3686 euim,

92 3719 217 3782 utrum
245 3709 440 3785 temeritas
464 3709 643 3786 fiduciam
671 3737 719 3788 an
745 3713 889 3790 fiducia
913 3714 1107 3792 levitatem
1133 3740 1289 3815 supera-

92 3835 194 3910 verit
248 3833 347 3910 Nam
377 3837 552 3936 quidest
576 3838 729 3916 facilius
754 3865 870 3940 quam
893 3839 1078 3916 damnare
1101 3852 1140 3916 et
1162 3852 1290 3916 extur-

93 3957 186 4056 bare,
226 3985 331 4060 quae
366 3961 430 4038 vol
463 3961 545 4060 ipse
570 3989 648 4040 non
675 3963 909 4040 intellexeris
935 3963 997 4040 vel
1021 3963 1186 4064 intelligi
1210 3990 1289 4041 non

92 4108 191 4182 posse
226 4082 306 4160 tibi
342 4085 578 4182 persuaseris
609 4087 670 4162 vel
705 4099 794 4163 tuae
827 4088 961 4164 aetatis
991 4087 1285 4186 intelligentiam

78 4415 149 4471 tertis
166 4410 309 4471 editione
329 4405 485 4462 iudicatum
502 4411 546 4464 est
563 4425 580 4464 a
602 4413 807 4482 Tronplsllm,
825 4411 886 4466 viro
903 4409 1076 4477 doctissimo,
1106 4411 1137 4466 in
1154 4415 1288 4470 Nstulls's'

74 4513 118 4572 mei
133 4508 246 4570 Amal.
272 4503 319 4561 rei
339 4501 472 4560 scholast.
491 4507 567 4562 1864.
586 4505 700 4564 Octobr.
719 4525 746 4578 p.
757 4509 811 4564 776
821 4525 863 4578 sq.
882 4511 913 4563 et
929 4522 947 4561 a
965 4511 1074 4579 Nesseo
1091 4506 1122 4562 in
1140 4505 1214 4564 libro
1232 4507 1283 4582 qui

69 4607 233 4669 mmsis·
252 4603 387 4658 M
405 4603 525 4670 {roseata
545 4603 624 4660 1864.
642 4602 669 4659 n'.
690 4603 732 4660 39.
