3125 5225
766 246 1016 316 cneum

540 432 652 511 Nunc
677 462 785 511 erma
808 436 1111 537 defunctumque
1135 438 1238 514 bello

638 560 822 637 Barbiton
847 561 911 639 hic
934 563 1061 661 parier
1085 562 1254 661 babebit,
1309 618 1318 638 .

460 741 660 824 tLaevum
686 746 856 823 marinae
882 748 949 848 qui
968 747 1128 824 Veneris
1157 746 1256 826 latus

493 872 677 951 Custodit.
729 871 816 969 Hic,
842 872 906 948 hic
929 873 1063 975 ponite
1086 870 1216 948 lucida
1241 870 1246 881 '

539 994 701 1072 Funolia
727 1008 765 1071 et
790 1008 916 1072 vectes
943 1009 1116 1073 eternus

592 1122 788 1223 Oppositie
815 1122 963 1198 foribus
989 1122 1168 1198 minaces.
1245 1127 1249 1133 ’

492 1301 526 1379 Ο
551 1327 650 1401 quae
673 1302 827 1381 beatam
852 1302 943 1378 dive
963 1314 1070 1377 tener
1094 1303 1265 1401 Cyprum
1289 1316 1326 1377 et

448 1464 473 1501 ιο
487 1426 685 1525 Memphin
708 1439 902 1503 carentem
926 1426 1099 1503 Sithonia
1122 1427 1221 1524 nive,

536 1552 693 1650 Regina,
720 1550 874 1627 sublimi
899 1550 1054 1650 flagello

590 1676 723 1777 Tange
742 1675 892 1754 Chloen
913 1676 1030 1753 semel
1047 1690 1301 1777 arrogantem.

292 1911 438 1981 regentem
464 1908 641 1980 castigabiea
686 1906 747 1962 Hoc
775 1911 867 1964 extre·
918 1908 958 1962 dte
989 1906 1134 1978 eleganter
1148 1907 1254 1964 dictum
1279 1924 1333 1979 pro
1358 1924 1395 1963 eo
1419 1906 1494 1978 quod

292 1998 369 2055 mum
384 1980 426 2034 ita
442 1978 658 2051 intelligendum
675 1996 733 2033 nou
756 1984 809 2044 eet,
834 1984 868 2033 ut
918 1996 955 2034 vu
1022 1979 1156 2035 dicebant
1173 1984 1248 2035 latus
1265 1992 1291 2035 te
1309 1999 1364 2049 en,
1383 1984 1419 2034 ut
1436 1979 1493 2035 Sat

295 2070 345 2106 ouo
365 2068 460 2106 amore
477 2052 545 2107 velit
562 2049 748 2121 cepiGhlotn,
768 2051 818 2105 red
834 2055 866 2107 ut
917 2050 992 2119 1111,
1015 2050 1056 2105 18.
1076 2080 1111 2091 -
1130 2052 1251 2121 [unalia]
1295 2067 1345 2105 aec
1367 2068 1435 2106 curn
1452 2068 1494 2104 re-

292 2124 354 2177 iure
372 2121 492 2191 quodem
510 2122 623 2179 talionis
646 2138 698 2191 per
716 2122 778 2193 pari
796 2122 867 2177 refe·
918 2121 1001 2191 liquis
1019 2139 1097 2177 arma
1115 2126 1183 2176 eunt
1200 2127 1400 2195 protervorum
1419 2122 1493 2176 iure

295 2200 382 2249 ratur.
419 2194 522 2249 Ferme
539 2198 635 2249 autern
654 2194 785 2247 carminis
805 2198 868 2249 tote
916 2211 984 2249 uum
1002 2198 1142 2251 nocturno
1160 2199 1288 2265 tempore
1310 2211 1374 2249 cum
1393 2192 1495 2248 funali·

294 2272 338 2320 eet
356 2265 524 2336 dramatica3
551 2271 637 2337 poete
653 2266 684 2318 in
702 2264 771 2319 cede
792 2264 867 2334 (ride
917 2265 969 2320 bue
1006 2282 1059 2336 per

292 2354 317 2391 v.
330 2338 359 2403 4)
386 2336 503 2391 Veneris
530 2352 624 2391 seeum
652 2335 792 2406 loquitur,
817 2336 867 2392 ced
916 2341 1069 2406 portaeque
1086 2284 1290 2391 bibentum
1313 2341 1413 2391 stetim
1441 2354 1497 2390 non

292 2407 369 2461 clara
387 2424 469 2476 roce3
496 2407 597 2463 deinde
620 2407 765 2462 ministros
789 2425 868 2462 arma
918 2413 1031 2477 opertus
1049 2408 1179 2463 vectibus
1196 2406 1415 2479 effringentium.
1461 2408 1496 2463 cf.

292 2482 439 2547 portantes
458 2478 601 2549 deponere
627 2478 714 2543 iubet,
742 2482 803 2533 tum
831 2479 867 2533 ed
917 2477 975 2533 Set.
986 2479 1009 2544 1,
1027 2481 1053 2548 4,
1067 2482 1112 2535 el.
1141 2478 1184 2533 Ne
1202 2500 1282 2535 arom
1302 2478 1417 2549 quidem
1437 2484 1497 2534 ten·

293 2548 373 2603 deam
384 2568 534 2605 conversus
545 2551 697 2605 vindictam
714 2566 746 2603 ro
768 2557 806 2605 at.
824 2550 866 2605 De
917 2550 997 2605 tandi
1023 2554 1089 2605 eunt
1107 2550 1275 2606 coniecturis
1301 2554 1401 2618 (vectes
1420 2573 1497 2605 recu-

293 2627 420 2690 tempore
439 2621 570 2678 carminis
588 2623 739 2678 admodum
748 2568 867 2678 {abrica
917 2643 1013 2692 resque
1030 2621 1133 2688 Bentl„
1159 2636 1246 2677 vectes
1273 2637 1298 2678 ct
1319 2627 1424 2696 barpas
1447 2623 1498 2677 Cu·

292 2698 336 2747 eet
354 2693 524 2748 coniectura.
917 2693 1023 2765 niugh„
1040 2707 1127 2748 oeetee
1147 2706 1173 2748 ct
1194 2697 1285 2748 oscine
1298 2691 1426 2764 Kebren).
1444 2694 1497 2748 Fu-

327 2765 358 2819 V.
370 2767 396 2818 2.
433 2763 562 2834 militavi]
592 2763 673 2820 Haud
702 2782 766 2819 rere
793 2764 867 2848 apud
917 2765 1031 2820 ribuudi
1049 2781 1138 2835 prope
1149 2763 1341 2819 adolescentes
1358 2766 1429 2836 quid
1441 2784 1497 2820 uon

291 2841 392 2906 poetae
420 2835 571 2893 ementium
595 2855 656 2891 cum
682 2837 866 2890 militantibus
916 2839 1072 2908 potueruut
1090 2835 1254 2906 corripere?
1279 2837 1389 2892 scilieet
1408 2842 1443 2892 ut
1460 2838 1498 2890 ie·

291 2908 479 2978 comparatio:
500 2905 590 2961 Carm.
609 2905 655 2970 IV,
675 2911 699 2973 1,
718 2909 760 2962 16.
787 2905 866 2962 Ovid.
918 2908 1024 2962 nitores
1037 2913 1188 2976 terrerent,
1206 2907 1378 2963 utaitretue
1390 2909 1496 2981 glossa.

291 2980 353 3032 Am.
370 2978 390 3042 Ι,
409 2981 434 3042 9,
448 2982 483 3037 ,1ε
515 2977 636 3033 »Militat
659 2979 748 3032 omnio
772 2995 866 3033 emens
916 2979 988 3034 Nam
1017 2979 1046 3033 in
1072 2995 1157 3033 versu
1179 2981 1197 3032 8
1222 2979 1258 3032 ed
1280 2984 1376 3034 recten
1406 2981 1497 3050 magis

292 3054 321 3104 et
338 3047 425 3103 hebet
443 3047 493 3106 'rue
511 3052 606 3104 cestra
624 3049 757 3119 Cupido«
780 3049 867 3103 Fran·
918 3067 1001 3119 quam
1018 3049 1055 3104 od
1073 3049 1181 3104 firnelia
1198 3054 1228 3103 et
1245 3061 1326 3105 arcus
1342 3050 1496 3108 referendo

291 3119 331 3175 kii
349 3119 538 3176 coniecturam
564 3125 663 3176 tuelle
687 3137 739 3190 pro
804 3123 866 3174 eltis
916 3121 1087 3176 haerendum
1111 3138 1168 3175 nou
1193 3124 1237 3175 eet
1261 3122 1351 3178 anxie.
1377 3151 1416 3162 —
1447 3127 1499 3192 Cy-

291 3191 415 3246 leudevit
438 3191 608 3259 Memmius,
639 3191 748 3261 recepit
789 3191 866 3246 inke·
950 3192 1004 3262 nm]
1023 3191 1088 3247 ride
1107 3191 1296 3259 Carm.1‚3‚1.
1325 3191 1413 3263 Apud
1423 3193 1497 3248 Plin.

291 3281 354 3331 rue;
372 3281 428 3318 non
447 3269 534 3332 recto,
553 3264 662 3334 opinor.
673 3292 707 3302 -
723 3285 776 3318 non
795 3262 864 3331 atne]
945 3262 1039 3330 M,
1051 3267 1084 3318 31
1103 3263 1249 3332 antiquum
1265 3281 1367 3318 nomen
1384 3265 1498 3320 insulae

291 3333 399 3390 Litotee
417 3335 453 3388 eb
472 3335 590 3390 Horatio
619 3351 701 3406 coepe
723 3337 866 3404 usurpata,
918 3333 1001 3404 Cypri
1021 3335 1161 3404 reperitur
1179 3339 1306 3390 Macaria
1325 3335 1444 3402 (beata).
1464 3368 1497 3374 —-

292 3410 324 3460 ub
342 3405 431 3460 Germ.
448 3403 471 3468 I,
490 3407 532 3470 23,
554 3409 579 3460 3.
616 3405 778 3475 111‚4‚20.
814 3404 864 3470 III,
917 3410 985 3461 Hem
1004 3407 1203 3460 tenoemteo
1222 3409 1289 3461 siut.
1308 3407 1379 3476 nice]
1406 3407 1497 3478 Egre-

291 3479 334 3540 29,
355 3479 398 3531 38.
423 3506 458 3517 —-
488 3477 575 3546 arma]
603 3476 678 3544 Quae
697 3477 790 3546 qualia
807 3476 866 3531 fue·
917 3477 962 3547 gie
980 3427 1035 3532 boc
1051 3475 1175 3546 dictum3
1194 3477 1297 3532 etenim
1309 3476 1400 3560 frigus
1414 3487 1450 3533 ut
1469 3481 1499 3533 in

291 3548 349 3601 rint
367 3548 517 3601 ostendunt
542 3565 639 3602 versus
657 3549 674 3602 6
692 3551 721 3602 et
739 3551 765 3602 7.
812 3547 866 3603 Sed
917 3565 1012 3603 rerum
1034 3553 1145 3615 nature,
1171 3547 1212 3602 eie
1237 3547 1266 3602 in
1284 3547 1430 3604 hommum
1449 3569 1499 3620 pe·

290 3618 418 3673 barbitos
437 3635 547 3687 quoque
564 3618 639 3672 inter
657 3635 735 3673 erma
751 3623 810 3688 eet3
831 3619 866 3673 de
918 3619 1043 3674 ctoribue
1060 3618 1189 3674 odiosum
1200 3617 1368 3690 ectVeneri;
1385 3620 1499 3676 babent

291 3689 433 3759 particula
459 3709 509 3758 que
533 3688 597 3743 vide
617 3689 651 3744 ed
671 3690 760 3744 Germ.
780 3689 801 3754 Ι,
821 3693 865 3754 21,
916 3689 1006 3761 igitur
1022 3690 1092 3744 haec
1111 3689 1198 3745 verbe
1215 3708 1334 3758 caueam,
1363 3693 1499 3748 cursore

295 3762 336 3814 14.
356 3791 387 3800 -
419 3761 534 3825 1αεωιπι1
557 3759 645 3815 Cicer.
664 3760 746 3814 divin.
767 3759 802 3824 11,
822 3764 866 3823 39.
917 3767 1013 3832 speret
1037 3766 1068 3815 ut
1093 3760 1190 3816 Venus
1217 3757 1363 3832 frigidum,
1388 3765 1498 3818 amoris

292 3835 340 3888 82:
361 3829 463 3886 »Nobis
480 3831 594 3886 eiuietre
614 3831 755 3897 ridentur,
772 3831 864 3887 Graiis
916 3832 1056 3886 caloribus
1073 3849 1131 3886 non
1150 3833 1286 3887 imbutam
1303 3831 1410 3890 Chloen
1427 3835 1499 3890 velit

292 3906 321 3958 et
338 3901 467 3956 barberio
485 3901 586 3956 dextre
598 3901 738 3957 meliore«
756 3931 790 3944 ·-
810 3925 866 3958 na·
917 3904 1064 3973 castigare.
1082 3902 1125 3957 De
1142 3905 1248 3974 templo
1268 3908 1362 3960 eutem
1372 3905 1499 3960 Veneris

291 3973 382 4044 finire]
400 3977 521 4036 ποντίας,
539 3975 678 4044 πελαγίας.
716 3973 865 4039 Carmiv,
915 3975 996 4029 inAe
1054 3974 1078 4029 bi
1095 3972 1148 4028 hec
1163 3975 1335 4030 nobilissime
1348 3977 1421 4033 urbe
1431 3977 1499 4033 vide

293 4049 334 4111 11,
357 4047 398 4099 15.
432 4043 512 4101 Ovid.
532 4043 608 4098 Faet.
624 4043 671 4112 IV,
682 4046 730 4100 62:
752 4063 785 4099 »a
802 4064 865 4116 epu·
915 4045 991 4100 Hero
1054 4041 1137 4116 ,111;
1159 4045 1338 4102 deSitboniie
1356 4045 1497 4104 edCarm.

292 4116 344 4172 mir
363 4119 406 4172 eet
426 4113 572 4172 ceadicta
588 4117 699 4172 marin«
719 4145 751 4158 -
777 4130 865 4174 certo·
915 4117 937 4184 Ι,
958 4119 1000 4183 18,
1018 4119 1044 4172 9.

1105 2265 1133 2319 la
1147 2280 1194 2319 ees
1223 2266 1496 2348 circumvagantium

845 4371 943 4382 ια-ι-
