3125 5225
778 220 1030 290 OABlllNUhl

462 448 485 483 u
502 410 560 486 Nc
586 425 761 487 currente
783 423 885 486 retro
912 410 1013 485 hunis
1040 424 1102 487 eat
1124 424 1231 486 rota:

501 536 588 612 Non
615 551 652 612 te
677 536 897 635 Penelopen
926 508 1124 633 difficilem
1144 537 1272 635 procis
1546 530 1549 738 Ι

1547 975 1548 1014 l

1547 1069 1548 1114 l

600 661 819 761 Tyrrhenus
846 663 979 761 genuit
1005 687 1155 759 parcns.

501 835 535 913 Ο
564 836 737 939 quamvis
761 863 887 936 noque
913 850 951 912 te
973 863 1132 912 munera
1156 862 1228 912 nee
1252 858 1380 934 preces

498 954 577 1028 Nec
600 954 737 1028 tinctus
764 952 868 1029 viola
891 953 1019 1051 pallor
1041 955 1252 1029 amantium

456 1112 480 1152 u
498 1078 579 1152 Nec
606 1079 664 1153 vir
690 1078 816 1153 Pieria
841 1078 981 1177 pellice
1007 1078 1173 1153 saueius.

599 1204 756 1295 (imunt,
783 1202 1021 1301 supplicibus
1045 1203 1121 1277 tuis

497 1379 635 1454 Parcas
664 1403 734 1453 nec
759 1376 889 1476 rigida
913 1378 1069 1452 mollior
1093 1378 1245 1454 aesculo

496 1503 577 1579 Nee
602 1504 744 1579 Mauris
773 1505 944 1578 animum
968 1504 1097 1577 mitior
1122 1506 1323 1602 anguibus.

496 1627 583 1702 Non
610 1628 684 1702 hoc
709 1652 860 1726 semper
886 1626 956 1701 erit
980 1626 1123 1701 liminis
1149 1641 1215 1702 aut
1240 1654 1361 1728 aquae

451 1789 477 1828 a
598 1752 781 1831 Caelestis
807 1752 956 1849 patiens
982 1751 1091 1827 latus.

751 2230 943 2355 Oaausn
975 2270 1046 2354 XI.

491 2462 668 2557 Mercuri,
696 2488 785 2537 uam
811 2473 850 2536 te
877 2460 1013 2535 docilis
1041 2462 1225 2560 magistro

489 2586 614 2662 Movit
640 2585 838 2686 Amphion
864 2586 1012 2684 lapides
1038 2586 1222 2684 canendo,

327 2847 361 2904 V.
376 2852 416 2905 10.
452 2849 636 2906 proverbium
656 2851 692 2905 ab
710 2850 870 2907 hominibus
926 2845 1008 2923 »κόρη
1024 2845 1077 2922 γάρ
1095 2871 1134 2911 τις
1150 2844 1274 2924 τοῦνομα
1291 2854 1411 2922 mepta«
1429 2851 1483 2905 liet*-

292 2921 393 2976 molem
424 2921 544 2992 aliquam
572 2921 715 2977 machinae
740 2927 804 2978 rota
831 2923 872 2978 in·
923 2924 1198 2996 nelias-mactas]
1217 2940 1322 2979 amora.
1340 2953 1374 2962 -
1392 2916 1482 2986 cureat}

296 2997 420 3047 structae
438 3009 492 3064 ope
510 2993 539 3048 in
558 2994 676 3048 sublime
694 2995 872 3049 trahentibus
923 3011 1006 3048 sensu
1023 2993 1158 3064 figurato:
1187 3003 1302 3064 peceare,
1333 3014 1431 3049 novare
1454 2995 1482 3042 aa

291 3063 412 3133 petitum
442 3069 493 3120 est.
539 3065 578 3119 Iis
597 3065 762 3122 enimlunis
789 3083 872 3136 saepo
922 3070 1152 3134 minar'cordiam
1173 3065 1222 3136 qui
1240 3071 1355 3136 praeter
1369 3065 1420 3119 hl
1437 3075 1484 3115 non

295 3136 339 3189 vel
358 3135 501 3190 machinae
520 3137 697 3191 manubrium
717 3137 870 3192 emanibus
922 3136 1035 3190 videtur
1051 3137 1179 3206 reperiri.
1196 3167 1230 3177 -
1245 3137 1361 3208 Mauris]
1380 3130 1483 3190 vidend

294 3205 430 3276 elabitur;
459 3225 515 3278 quo
539 3206 614 3262 l'aeto
641 3212 717 3262 retro
739 3213 870 3263 currente
923 3208 1013 3260 Garm.
1037 3207 1066 3276 Ι,
1086 3211 1115 3274 1,
1139 3211 1182 3263 28.
1227 3207 1271 3262 De
1297 3208 1430 3278 anguibus
1455 3201 1484 3256 el.
1547 3266 1548 3269 Ἴ

293 3280 357 3331 rota
380 3283 457 3332 retro
482 3280 507 3332 it
532 3279 605 3333 sunio
633 3279 791 3348 deciditque
812 3285 869 3333 tra·
922 3279 1034 3332 Sallust.
1053 3279 1114 3349 lug.
1135 3283 1185 3344 89,
1205 3281 1229 3334 5.
1263 3309 1296 3318 —
1325 3283 1374 3334 toa
1409 3271 1483 3341 latai]
1547 3334 1549 3348 Ι

290 3348 383 3403 henda
400 3349 496 3404 moles.
516 3355 597 3405 Retro
617 3350 779 3406 adverbium
796 3349 869 3419 posi·
921 3349 1079 3403 Pronomen
1094 3367 1159 3406 vere
1177 3350 1424 3406 demonstrativum
1441 3347 1484 3403 ot
1547 3408 1549 3423 Ι

242 3415 247 3423 ’
290 3423 351 3473 ium
369 3425 413 3476 est
432 3418 489 3475 ἀπὸ
508 3424 608 3487 κοινοῦ,
632 3441 720 3492 neque
733 3422 869 3490 reeipien·
921 3437 1012 3490 neque
1031 3420 1114 3475 aliter
1133 3423 1234 3477 Graeci
1253 3408 1484 3491 oizogusurpant
1547 3427 1549 3480 T

293 3491 345 3545 dus
362 3491 435 3546 alter
455 3492 603 3548 verborum
634 3493 718 3548 ordo:
751 3514 783 3546 aa
809 3513 869 3546 cur-
922 3491 978 3546 Sat.
998 3490 1019 3555 1,
1037 3494 1063 3558 9,
1081 3496 1124 3547 47.
1167 3493 1276 3548 Deinde
1296 3492 1330 3548 of.
1349 3486 1484 3547 eaxan,
1547 3506 1549 3511 ·

291 3575 366 3616 reale
385 3576 446 3617 rom
465 3571 539 3632 [unia
564 3579 606 3620 eat
636 3579 709 3619 retro
738 3563 869 3617 Bentleio
921 3565 1000 3629 7,18.
1020 3593 1054 3602 -
1075 3567 1207 3620 Caelestia
1228 3565 1327 3638 aquae]
1353 3562 1388 3618 of.
1406 3558 1487 3632 Epist

290 3631 486 3704 Meinokioque
505 3637 649 3706 probatus.
667 3664 702 3674 -
719 3639 866 3704 Tyrrhenas
921 3633 1067 3698 11,1,1es.

288 3704 380 3775 pater]
398 3705 543 3761 Extenuat
562 3705 700 3777 originem
715 3703 812 3774 Lycas,¹
832 3723 868 3759 ne
1107 3706 1249 3760 Carmen
1264 3705 1313 3758 Xl.

290 3791 340 3829 eur
368 3778 511 3846 superbiat
540 3796 649 3834 causam
677 3778 781 3832 habere
812 3776 868 3832 sihi
956 3777 1089 3831 Precibus
1108 3776 1242 3831 Horatius
1261 3766 1490 3850 convertitured

291 3863 323 3900 ea
348 3846 485 3904 videatur.
514 3879 548 3890 -
575 3848 707 3921 quaomnia]
736 3849 801 3902 uide
830 3847 868 3902 ad
920 3847 1090 3902 Mercurium
1101 3854 1130 3902 ct
1146 3846 1245 3916 lyram,
1263 3851 1296 3901 ut
1310 3863 1424 3901 mamea
1443 3841 1489 3895 sibi

291 3918 380 3972 Carm.
405 3923 433 3986 1,
451 3921 498 3984 28,
522 3925 561 3974 18.
594 3952 627 3961 -
658 3925 756 3974 tinctus
790 3923 864 3972 viola
920 3920 1009 3973 nolint
1026 3919 1093 3974 dare
1118 3937 1173 3988 quo
1192 3919 1289 3989 Lyden
1316 3916 1443 3971 timidam
1466 3916 1490 3994 ql

289 3989 394 4113 pallor]
414 3989 547 4055 Tibulli,
560 3995 584 4055 8,
597 3997 645 4046 52ι
675 3990 746 4045 »Sed
764 3989 868 4043 nimius
920 3997 1041 4044 amatam
1069 3989 1191 4060 puellam
1215 3991 1270 4044 sibi
1293 3989 1387 4060 possit
1408 4001 1491 4042 conor-

300 4063 350 4114 uto
376 4079 495 4132 corpora
520 4064 607 4132 tingit
635 4079 738 4116 amon«
787 4061 866 4132 Virga
920 4062 989 4115 liare
1007 4062 1068 4132 (atr.
1082 4065 1177 4130 1-3):
1203 4079 1268 4116 nam
1287 4077 1421 4130 magnam
1438 4069 1492 4110 esse

289 4133 505 4197 Bu001.a‚47:
559 4133 715 4188 »Pallentes
744 4133 867 4199 violam
919 4134 1075 4187 carminum
1102 4137 1273 4204 potestatem
1293 4132 1380 4185 etiarn
1405 4131 1434 4183 in
1456 4127 1491 4180 ie·

289 4221 354 4257 nam
372 4205 509 4258 violarum
534 4221 621 4274 genus
648 4207 733 4258 etiam
757 4205 866 4258 luteum
921 4221 967 4258 ras
986 4205 1099 4269 bestias,
1118 4205 1147 4258 in
1164 4205 1350 4258 inanimatam
1359 4206 1490 4259 naturam.
1547 4218 1548 4223 ’

290 4280 340 4328 eat.
363 4306 395 4314 -
413 4273 466 4346 air]
487 4277 654 4329 maritus.-
671 4277 776 4344 Pteria]
800 4275 866 4328 »du-
917 4277 948 4328 in
968 4277 1044 4344 ipsos
1062 4275 1131 4329 adeo
1158 4275 1265 4329 inferos
1293 4272 1340 4338 (ef.
1361 4269 1490 4330 Germ-ll,

289 4345 374 4400 bitari
399 4351 494 4415 potest
526 4347 630 4417 gentile
660 4345 865 4417 (Macedonica)
922 4350 962 4400 13.
982 4376 1016 4386 —
1035 4351 1085 4400 etr.
1106 4349 1196 4414 4-6),
1246 4345 1290 4399 Ex
1320 4343 1420 4400 inferis
1449 4359 1491 4413 po
1547 4364 1549 4425 ὲ

288 4435 390 4470 noman
404 4417 561 4472 habendum
580 4419 670 4470 sitan
690 4419 862 4488 proprium«
917 4423 1056 4473 streniam
1076 4419 1168 4472 locum
1181 4417 1312 4472 consulto
1323 4418 1490 4486 occuparunt

288 4487 419 4555 Polyaen.
464 4489 549 4544 Strat.
568 4489 640 4552 vm,
660 4493 694 4542 35
725 4484 865 4560 »θυγάτηρ
919 4489 1010 4542 Danai
1030 4489 1112 4554 filiae,
1133 4506 1252 4559 quarum
1271 4489 1402 4558 exemplo
1416 4503 1489 4556 quam
1547 4524 1549 4556 ,

289 4563 419 4628 Hiceta«
473 4559 613 4614 Aristaeo.
643 4559 731 4628 Epist.
757 4559 784 4624 1,
814 4563 863 4615 15:
917 4563 1000 4630 gravi
1020 4579 1110 4631 poena
1127 4561 1255 4615 lueretur
1272 4557 1346 4613 malo
1371 4559 1488 4615 redditus
1547 4580 1549 4655 p
