3125 5225
944 141 958 171 1

290 283 353 350 508
728 291 1054 364 EPISTULARUM

341 473 642 579 Contractusque
663 479 785 581 leget3
812 496 861 580 te,
890 483 1012 560 dulcis
1038 483 1172 578 amice,
1198 482 1337 559 reviset

342 597 441 674 Cum
466 599 668 701 Zephyris,
692 605 724 680 si
749 605 947 703 concedes,
975 619 1013 682 et
1038 605 1247 683 hirundine
1269 605 1405 703 prime.

340 720 426 797 Non
454 749 532 824 quo
556 753 665 804 more
691 729 795 827 pyris
822 729 923 805 vesci
947 729 1115 810 Calaber
1137 729 1244 805 iubet
1267 729 1417 828 hospes,
1500 781 1503 785 -

292 875 316 916 s
343 845 401 921 Tu
427 875 489 924 me
515 851 639 927 fecisti
664 852 907 954 locupletem.
957 856 1121 932 Vescera
1145 854 1271 930 sodes.

341 969 426 1046 Iam
451 975 540 1050 satis
566 989 632 1051 est.
683 977 737 1053 At
764 991 804 1054 tu
832 991 1017 1080 quantum
1041 980 1099 1054 ris
1121 978 1226 1055 tolle.
1276 977 1454 1076 Benigne.

336 1092 424 1169 Non
448 1095 572 1174 invise
596 1099 696 1176 feres
720 1103 849 1201 pueris
875 1103 1102 1178 munuseula
1127 1101 1267 1197 persis.
1358 1109 1362 1116 '

340 1218 436 1295 Tam
461 1232 594 1298 teneor
620 1223 721 1300 dono
746 1251 862 1326 quam
887 1227 921 1302 si
946 1226 1118 1302 dimittar
1144 1236 1313 1302 onustus.

339 1343 390 1421 Ut
417 1343 531 1421 libet:
558 1347 652 1425 haec
677 1351 804 1447 porcis
829 1350 946 1426 hodie
971 1350 1209 1426 comedenda
1231 1349 1434 1448 relinques.

289 1499 316 1539 es
342 1469 532 1580 Prodigus
560 1485 597 1549 et
620 1474 754 1549 stultus
785 1475 903 1551 donat
928 1500 1028 1575 quae
1055 1475 1203 1573 spernit
1228 1485 1266 1550 et
1284 1473 1387 1579 odit:

339 1593 448 1672 Haec
473 1621 580 1694 seges
606 1597 776 1697 ingratos
802 1599 892 1674 tulit
914 1612 950 1674 et
975 1599 1074 1676 feret
1099 1598 1276 1674 omnibus
1300 1596 1423 1673 anah.

341 1720 413 1796 Vir
435 1721 559 1795 honus
586 1733 622 1797 et
647 1723 951 1826 sapiensdignis
976 1725 1032 1800 ait
1051 1747 1134 1800 esse
1159 1735 1326 1821 paratus,

341 1845 422 1921 Nec
446 1857 574 1922 temen
596 1845 750 1945 ignorat
776 1847 872 1948 quid
898 1848 1037 1925 distent
1062 1872 1152 1924 aere
1175 1845 1330 1946 lupinis.

341 1969 511 2067 Dignum
531 1971 733 2068 praestabo
762 1997 825 2047 me
848 1973 965 2048 etiam
989 1999 1060 2071 pro
1085 1970 1202 2047 leude
1227 1966 1421 2045 merentis.

292 2140 507 2223 adsperguntur.
517 2166 548 2177 -
558 2141 594 2194 od
606 2141 693 2207 mere]
713 2139 776 2196 Non
794 2141 867 2195 male
914 2139 1047 2195 nimirem
1063 2144 1095 2196 ut
1116 2139 1206 2210 magis
1225 2151 1327 2209 urgere
1344 2134 1484 2193 videretis·

294 2215 475 2267 coniecerunt
498 2209 553 2264 riri
576 2210 654 2266 docti
675 2227 711 2265 ex
729 2227 813 2269 versu
829 2214 864 2267 45
914 2212 1005 2267 bonus
1026 2211 1145 2268 Cdaber
1161 2211 1300 2280 hospitem
1317 2223 1411 2265 susm

293 2283 446 2338 Tarentum
456 2280 694 2371 significari3nam
704 2299 768 2338 cum
778 2283 866 2356 Tibur
950 2283 984 2337 V.
996 2286 1039 2337 20.
1057 2281 1195 2354 prodique]
1222 2281 1274 2346 Ea,
1301 2295 1360 2349 qua
1376 2278 1487 2334 Calaber

293 2358 323 2410 et
340 2353 491 2408 Tarentum
512 2355 613 2407 contre
630 2353 730 2409 urbem
747 2353 864 2409 Romam
914 2354 1019 2424 hospes
1029 2353 1170 2418 stetim,
1188 2350 1399 2408 ratiodenandi
1412 2353 1487 2403 rests

292 2425 334 2481 ibi
352 2423 487 2495 posuerit,
506 2441 539 2479 eo
549 2428 641 2479 autem
657 2426 718 2496 ipse
729 2429 865 2498 tempore,
914 2443 972 2480 non
981 2428 1035 2491 ast,
1049 2426 1099 2480 sed
1107 2425 1293 2498 prodigorum
1304 2421 1450 2477 hominum
1461 2425 1487 2474 at

295 2513 350 2566 quo
369 2495 504 2551 scriberet
527 2495 600 2550 hano
620 2497 776 2566 epistolem,
801 2517 865 2552 rure
915 2496 1077 2565 stultorum,
1095 2495 1237 2568 sepientes
1256 2494 1329 2549 enim
1348 2509 1384 2548 ee
1400 2491 1487 2547 solent

295 2571 330 2634 (v.
343 2567 368 2635 1)
391 2567 409 2621 i.
428 2581 452 2621 e.
471 2567 500 2621 in
517 2566 584 2622 villa
602 2583 652 2623 sue
669 2585 758 2641 prope
777 2567 865 2624 Tibur
914 2567 983 2623 dere
1000 2583 1072 2638 quae
1090 2567 1145 2639 ipsi
1161 2567 1258 2639 magni
1283 2565 1437 2620 aesfiment
1461 2566 1488 2617 et

292 2638 347 2694 site
358 2638 462 2693 diutius
473 2642 640 2704 moraretur,
659 2641 734 2697 ultro
746 2641 826 2710 quasi
834 2641 864 2695 in
913 2640 949 2693 iis
962 2640 1121 2695 hominibus
1136 2656 1205 2710 quos
1221 2639 1280 2693 suis
1291 2637 1375 2691 donis
1390 2634 1487 2706 dignes

292 2710 444 2765 Tarentum
453 2707 613 2764 incidimus·
631 2728 865 2782 cumquerenon
914 2709 1027 2767 habent.
1054 2710 1147 2779 Quare
1164 2728 1199 2766 ex
1216 2707 1387 2793 sapientium
1404 2704 1487 2761 homi·

292 2786 399 2837 temere
406 2780 559 2851 coniungas
567 2751 713 2837 Calabrum
725 2782 865 2853 hospitem
885 2811 889 2820 ·
914 2799 981 2836 num
996 2782 1077 2836 donis
1091 2782 1184 2853 gratia
1196 2781 1280 2845 redit,
1297 2781 1357 2833 non
1372 2796 1409 2834 ex
1424 2775 1486 2832 stul·

293 2870 321 2909 v.
334 2856 375 2918 14,
402 2869 484 2937 quem
503 2868 553 2906 car
570 2853 665 2923 potius
684 2854 866 2923 descripserit
912 2856 1015 2908 torum.
1028 2884 1060 2892 -
1076 2856 1139 2908 istit
1150 2866 1176 2909 ss
1186 2850 1343 2924 [osdrida
1353 2850 1391 2906 ed
1400 2850 1487 2904 cerm.

292 2940 375 2995 qaam
386 2924 469 2978 elium
480 2922 550 2978 elius
560 2923 684 2995 regionis
694 2942 749 2980 non
760 2926 864 2991 videas,
913 2923 949 2989 11,
961 2927 1003 2988 13,
1014 2926 1058 2979 20.
1074 2954 1103 2964 -
1113 2924 1238 2993 paratus]
1256 2938 1362 2994 graece
1371 2925 1416 2977 est
1425 2934 1486 2974 con·

178 3050 182 3061 ,
292 2995 348 3050 nisi
366 2998 396 3051 et
415 2994 527 3065 saepius
545 2994 599 3048 iam
611 2996 758 3051 Horatium
773 2997 803 3051 in
814 2998 863 3051 Ca·
914 2996 1041 3060 structio,
1060 2998 1092 3048 at
1110 2995 1200 3049 Germ.
1209 2994 1258 3059 111,
1268 2993 1313 3061 27,
1323 2994 1371 3049 ts.
1383 3020 1410 3033 -
1420 3010 1486 3046 sere

292 3066 382 3121 lebria
396 3065 481 3121 luisse
491 3068 520 3119 et
530 3069 599 3121 tine
608 3065 759 3123 Tarentum
767 3072 865 3139 petere
915 3069 1029 3137 lupinis}
1041 3066 1157 3136 Lupinis
1167 3067 1248 3137 quasi
1257 3063 1363 3120 fictitie
1373 3062 1488 3137 pennis

293 3137 413 3193 voluisse
432 3137 582 3193 existimes.
595 3138 803 3211 -eoatracrssJ
820 3155 865 3194 re·
914 3137 1068 3193 utebantur
1084 3143 1114 3192 et
1130 3138 1268 3193 electores
1292 3140 1323 3190 et
1337 3134 1487 3189 moeones

292 3212 386 3264 motus
397 3208 543 3277 estrepitu
556 3226 672 3291 magnas
683 3210 761 3264 urbis
774 3226 865 3281 neque
915 3209 944 3263 iu
969 3225 1065 3277 scena;
1094 3209 1162 3263 inde
1184 3207 1369 3280 provarhimn
1388 3209 1487 3261 ertum.

291 3280 446 3335 distraetus
456 3278 541 3333 variis
552 3296 626 3335 curis
636 3284 664 3334 et
674 3278 783 3339 officiis.
794 3283 864 3337 Con·
918 3304 945 3319 ··
955 3301 1006 3353 pro
1024 3282 1104 3335 muts
1122 3280 1259 3349 merentis]
1279 3278 1420 3347 compare
1436 3275 1488 3329 Iru-

292 3354 398 3406 traotus
418 3351 493 3405 enim
511 3366 546 3421 op
567 3350 663 3406 onitur
677 3352 818 3408 distracto
835 3356 865 3407 et
914 3356 983 3406 cret-
1001 3349 1035 3419 V,
1054 3355 1086 3404 2:
1123 3351 1207 3419 »Quis
1223 3350 1299 3421 petis
1318 3352 1366 3403 est
1382 3350 1488 3419 dipsa·

292 3423 417 3477 remisso.
462 3420 517 3477 Cio.
543 3368 578 3477 de
600 3422 675 3479 Orat
695 3422 716 3488 Ι,
736 3426 779 3491 59,
798 3425 864 3479 atr:
914 3420 1033 3493 pollenti
1050 3426 1166 3491 pectere
1178 3418 1432 3478 cermenCondere
1441 3433 1488 3499 prs

295 3492 477 3547 »industriam
500 3494 644 3565 (oratoris)
661 3494 691 3549 in
709 3495 790 3566 plura
807 3500 865 3550 stu·
915 3510 1010 3548 rerum
1037 3494 1221 3550 maiestate‘l«
1259 3491 1359 3566 ¹Cicer.
1379 3488 1443 3544 niv.
1461 3504 1489 3540 m

293 3564 340 3619 dia
357 3563 514 3619 distrahere
531 3564 641 3620 nolim·
662 3566 742 3621 idda
753 3566 863 3637 LngI,
915 3564 992 3619 (laec.
1003 3566 1046 3633 lt,
1058 3566 1110 3619 42:
1130 3564 1286 3633 »Quidnam
1300 3559 1487 3635 preostensis·

295 3638 337 3703 15,
348 3638 398 3689 38:
419 3638 578 3699 »honorum
592 3637 645 3705 vis)
664 3642 724 3692 tum
743 3639 863 3693 remittit
914 3632 1488 3707 neheminumetexspectationeomnium

293 3706 399 3777 animos
416 3709 477 3759 tam
495 3706 660 3762 contrahit«
688 3708 723 3763 ct.
741 3708 831 3780 Epist.
842 3708 864 3775 1,
914 3709 1022 3779 stipasse
1040 3705 1134 3777 eloqui
1146 3707 1288 3777 pessimi«
1307 3704 1348 3759 Et
1363 3705 1489 3759 maestis

295 3780 336 3843 18,
346 3778 389 3831 90.
408 3776 451 3831 De
461 3776 565 3847 frigore
580 3778 653 3833 enirn
663 3780 691 3833 in
701 3779 772 3845 loco,
783 3798 864 3851 quem
914 3782 959 3832 est
975 3795 1026 3848 pro
1045 3781 1108 3832 teas
1126 3786 1264 3844 sacrantis,
1283 3774 1406 3845 utVirg.
1421 3774 1489 3828 Aen.

292 3847 400 3903 vitandi
419 3846 533 3918 frigoris
552 3866 635 3903 cause
653 3852 810 3920 petiturum
834 3870 864 3907 se
913 3847 1033 3912 vises.
1069 3843 1488 3919 Propere.1v‚1s,1or:»sm

292 3918 364 3976 dicit
380 3923 471 3991 poeta,
489 3935 546 3974 non
560 3921 864 3993 licetcogitara.-ts·
913 3918 942 3975 di
982 3924 1156 3976 emerenda«
1176 3920 1236 3977 Hoc
1255 3920 1352 3975 dicere
1365 3916 1489 3972 videtur:

292 3991 382 4063 seipse]
399 3995 443 4047 est
460 3990 587 4046 modeste
605 3995 768 4048 recusantis.
788 3994 823 4049 ct.
837 4012 863 4049 r.
916 4013 929 4042 s
954 3992 1151 4057 mitescentis,
1168 4009 1233 4047 cum
1250 3992 1328 4046 dicas
1346 3993 1380 4044 te
1399 3987 1490 4059 dignis

293 4066 336 4121 62.
349 4092 383 4103 -
393 4076 483 4119 sessor
494 4063 572 4134 dese]
584 4062 669 4118 Vetat
677 4080 793 4120 caesura
802 4082 864 4121 ver·
912 4078 1023 4134 semper
1042 4079 1103 4119 esse
1119 4068 1257 4133 peratum,
1284 4062 1315 4115 in
1329 4076 1379 4114 me
1397 4064 1490 4113 eutem

293 4150 349 4205 sus,
363 4152 398 4189 ne
414 4134 476 4205 quis
491 4136 587 4189 donea
605 4136 692 4191 verbo
711 4148 803 4192 sessos
822 4154 864 4192 se·
912 4138 962 4189 tue
978 4132 1115 4189 beneficia
1133 4134 1294 4200 contuleris,
1312 4143 1431 4187 noemae
1450 4132 1492 4183 est

280 4208 410 4291 iungere
422 4210 452 4259 at
462 4206 593 4331 cumlsplo
603 4206 743 4332 agioptiro
755 4220 866 4333 essessa
914 4204 1070 4331 wine
1080 4205 1196 4331 diffinm
1211 4204 1378 4330 taiaidenis.
1395 4201 1490 4326 greiz

292 4292 615 4419 diffiditis}
633 4294 862 4417 ..lttsltt
915 4290 1491 4417 301s0m5t³s⁸01⁰si¹ise¹llthtts

293 4418 440 4491 relinques]
465 4416 553 4475 Recte
570 4418 610 4474 sic
630 4418 730 4489 optimi
746 4419 865 4476 codices.
915 4416 1352 4490 quoqueredundetaliquelaus3
1363 4414 1492 4498 qoaipsa

294 4490 419 4546 ctv.48.
451 4489 587 4545 Praesens
606 4495 714 4559 tempas
733 4493 865 4561 relinquis
915 4505 947 4544 re
966 4489 1101 4546 beneficia
1116 4486 1491 4557 stultorumetsaprentiem

293 4577 355 4616 eum
379 4560 504 4617 tiemaro
529 4566 559 4617 et
586 4560 642 4615 Tse
669 4560 866 4631 praetulerunt
915 4560 989 4616 inter
1005 4578 1035 4617 se
1052 4558 1200 4629 differunt3
1219 4560 1255 4615 ed
1274 4559 1340 4614 illos
1358 4557 1439 4613 enim
1456 4572 1490 4610 ex

292 4630 394 4702 Haupt
422 4628 543 4689 Meinek.
571 4632 708 4705 Krusger.
742 4632 866 4705 Linlrsr,
915 4631 995 4688 donis
1013 4634 1071 4689 suis
1091 4632 1162 4689 nihil
1178 4631 1288 4688 revenit
1304 4630 1419 4701 gratiae
1442 4631 1492 4683 eut
