3125 5225
454 280 541 350 nm.
563 281 590 347 ι.
614 277 756 349 neree.
772 275 887 345 xvn.
994 231 1003 248 ’
1206 268 1269 335 ιιι

132 467 246 564 Disce,
269 465 466 543 doeendus
492 465 620 542 edhuo
647 489 745 565 quae
769 474 898 540 censet
921 459 1119 557 amieulus,
1144 469 1189 534 ut
1212 457 1246 532 si

114 591 268 670 eamus
292 592 368 666 iter
392 602 605 666 monstrare
633 587 745 685 velit;
770 601 899 665 tamen
921 584 1090 684 adspiue,
1115 583 1149 659 si
1174 581 1268 682 quid

108 715 175 790 elit
193 741 262 790 nos
288 715 394 814 quod
421 739 529 790 eures
554 715 756 813 proprium
782 712 919 790 iecisse
945 711 1161 810 loquamur.

132 837 167 915 si
191 850 227 914 te
252 851 363 938 grata
387 839 495 938 quies
521 851 559 916 et
580 838 745 936 primam
772 860 928 912 somnus
950 836 992 910 in
1017 833 1152 910 horam

131 962 308 1050 Delectat,
333 963 366 1038 ei
389 975 428 1039 te
453 962 579 1061 pulvis
605 961 861 1060 strepitusque
887 971 1068 1053 rotarum,

130 1085 167 1162 Si
190 1085 310 1163 laedit
334 1111 519 1185 mupona,
544 1085 793 1162 Ferentinum
816 1085 873 1158 ire
896 1083 1059 1159 iubebo:

131 1209 221 1286 Nam
247 1235 376 1310 neque
399 1210 580 1286 divitibus
607 1210 835 1308 eontingumt
860 1208 1126 1306 gaidosolii,

90 1347 134 1403 eibi
163 1353 311 1404 conservet
340 1347 507 1420 dignitatem
534 1349 649 1404 liberta·
698 1363 769 1418 quae
786 1346 890 1404 Seuera
915 1346 945 1400 in
971 1361 1050 1402 suam
1073 1361 1135 1402 rem
1155 1362 1271 1403 eonver-
1334 1395 1338 1404 .

89 1425 185 1490 umque
203 1419 648 1475 stilluetriumhominumbene·
697 1422 759 1474 tere
787 1419 885 1488 posaIt,
912 1435 942 1472 ee
958 1433 1015 1471 non
1032 1417 1141 1483 dooere,
1166 1420 1270 1491 quippe

88 1491 195 1546 volentia
211 1507 245 1547 eo
265 1507 320 1560 quo
339 1489 408 1546 velli
423 1492 574 1561 perveniat
619 1491 648 1545 Ie
699 1491 746 1560 qui
773 1489 833 1560 ipae
857 1488 1017 1544 edoeendue
1042 1489 1089 1556 sit,
1120 1489 1171 1545 sed
1193 1489 1270 1561 loqui

89 1563 149 1616 enin
166 1563 211 1632 qui
229 1563 327 1618 levore
345 1564 504 1632 potentium
522 1563 646 1617 vitorum
699 1560 956 1616 dieat.‹0bbariue.
967 1562 1156 1634 -ueu'ealesJ
1176 1560 1270 1618 Demi·

88 1633 187 1688 bonate
213 1651 246 1689 eo
272 1633 357 1704 digne
381 1639 544 1704 comparato
561 1634 647 1689 vitam
698 1631 825 1689 nativum
844 1636 984 1696 tenerem,
1010 1648 1145 1701 quaeum
1165 1631 1271 1688 Scaeva

88 1705 132 1760 ribi
155 1705 277 1760 reddidit
303 1709 414 1776 gratam
441 1711 471 1762 et
494 1704 648 1762 honoribus
698 1705 951 1768 ooniunotueerat,
979 1702 1129 1758 amicitiam
1155 1704 1270 1761 indicat.

88 1779 189 1840 auumm,
210 1781 322 1831 tantum
341 1775 420 1830 abest
438 1779 471 1830 ut
489 1777 648 1846 vituperari·
699 1775 800 1832 Catull.
812 1777 856 1840 30,
867 1778 899 1828 2:
920 1773 993 1829 »Iam
1012 1777 1042 1828 te
1060 1773 1129 1831 nihil
1146 1776 1271 1839 miserat,

88 1847 130 1901 dns
156 1849 198 1916 sit,
229 1853 262 1902 ιιι
290 1847 374 1918 longe
392 1847 522 1904 videatur
539 1847 647 1918 praele—
698 1847 776 1914 dure,
784 1846 828 1900 tui
838 1845 1072 1900 duloiaanteatts
1083 1847 1270 1903 Aliterliuel·

87 1919 175 1974 render
190 1921 370 1989 importunae
391 1919 510 1974 inertiae
529 1936 561 1974 aa
579 1919 647 1974 stul·
698 1919 741 1973 ler
757 1919 793 1973 de
806 1918 850 1972 l.l.
860 1917 963 1972 demin.
972 1919 1059 1986 pse:
1081 1922 1129 1973 »ut
1144 1919 1270 1974 modeste

88 1995 124 2044 tre
140 1990 286 2060 superbiae
299 1989 426 2055 alteriue,
445 1991 503 2061 qui,
516 2007 580 2046 oum
589 2007 648 2044 ma·
697 1990 733 2045 de
752 2007 802 2045 sna
819 1988 937 2043 seientia
956 1987 1097 2056 loquatur.
1115 1991 1210 2045 ioeoee
1223 2008 1271 2047 vo·

87 2060 179 2116 iuribus
205 2067 285 2116 reete
314 2061 358 2116 uti
385 2061 502 2128 neseiat,
534 2062 647 2118 omnino
697 2058 1117 2129 oleamicaapondusextanuat
1135 2078 1178 2126 eo,
1194 2062 1270 2132 quod

86 2148 132 2186 non
147 2133 186 2187 uti
203 2131 295 2187 malit.
314 2161 349 2173 -
367 2131 520 2188 Latetnos
539 2131 647 2203 etquis
697 2133 813 2188 adlidet
839 2131 1004 2186 vocabulum
1030 2130 1188 2186 festivum«
1235 2162 1271 2176 -

86 2201 177 2258 detera
199 2203 288 2259 fuerit
315 2208 344 2260 et
385 2221 421 2260 uu
448 2221 522 2260 anno
540 2205 647 2276 soripta
697 2205 804 2274 marea]
832 2203 880 2258 oui
896 2201 1053 2257 uerendum
1069 2207 1114 2258 eet
1134 2220 1172 2259 na
1187 2205 1270 2259 nimis

87 2275 117 2328 tit
132 2275 255 2344 epistola.
274 2219 410 2329 Nonnulli
428 2277 563 2346 suspicati
581 2280 647 2332 sunt
697 2276 811 2340 eredas,
844 2291 907 2329 oum
932 2271 992 2343 ipse
1019 2272 1151 2330 facillime
1181 2276 1272 2346 possit

85 2345 158 2400 ιιιιιο
175 2345 264 2402 filium
284 2345 406 2415 aliquem
418 2345 507 2405 Cassii
519 2347 647 2416 Scaevae,
697 2363 801 2403 errare.
814 2377 845 2386 -
865 2343 1196 2415 mmenfflententiehaeo
1211 2349 1269 2402 est:

85 2418 242 2473 uenturionis
270 2416 431 2472 Caesariani
452 2419 539 2486 (Caes.
564 2419 597 2474 B.
617 2419 645 2474 G.
699 2417 842 2490 »parneis
858 2417 920 2487 ipae
936 2416 1016 2483 seha,
1033 2433 1090 2488 quo
1107 2422 1192 2489 paeto
1200 2435 1271 2488 pau·

85 2487 199 2560 111,ee);
220 2489 273 2545 aed
290 2505 346 2571 quo
364 2488 465 2543 iuret.
484 2489 547 2547 Non
564 2492 647 2561 pauei
696 2507 794 2562 peram
822 2488 965 2543 homiuem
991 2487 1090 2543 deoeat
1116 2491 1271 2545 maioribus

85 2558 242 2631 interpretes
260 2560 410 2632 epistolem
434 2562 593 2619 retulerunt
611 2562 647 2619 ad
696 2563 748 2627 uti,
780 2566 876 2617 tamen
905 2557 984 2628 audi,
1018 2559 1086 2630 qnid
1114 2562 1209 2632 praeei
1229 2563 1271 2617 iat

84 2648 103 2687 a
119 2636 167 2689 tet
188 2634 234 2688 vel
263 2636 332 2697 735,
365 2632 502 2689 Weberua
530 2639 647 2706 propter
696 2634 817 2704 amieus3
850 2632 901 2703 qui
928 2633 1054 2702 quamvis
1083 2633 1146 2703 ipae
1234 2650 1270 2689 ue

85 2702 160 2760 simile
176 2708 383 2777 argumentum,
403 2705 566 2774 quodheno
583 2724 646 2762 eum
696 2704 839 2762 doeendus
858 2703 896 2758 eit
911 2720 963 2758 nee
980 2720 1064 2758 oaeeo
1079 2704 1180 2760 melius
1195 2704 1271 2761 riam

83 2775 187 2844 epistole
214 2776 340 2833 seounda
371 2790 518 2832 eommune
543 2776 647 2835 habere
695 2776 788 2849 poesd.
803 2779 971 2842 monstrare,
986 2777 1084 2829 tamen
1100 2776 1225 2846 adspiee,
1246 2776 1271 2831 ei

83 2845 148 2913 deit,
172 2854 325 2917 utramque
344 2863 418 2902 anuo
438 2850 489 2903 731
508 2850 648 2919 composi·
697 2848 765 2920 qnid
783 2846 924 2917 quuatur,
948 2846 1025 2917 quod
1042 2848 1072 2901 in
1088 2851 1169 2902 tuum
1188 2864 1269 2902 naum

82 2918 295 2988 deoptantur.
336 2916 465 2973 Ceterum
491 2936 557 2975 eave
581 2938 646 2977 eun·
695 2920 789 3005 poesia
804 2922 994 2973 eonvertere.‹
1013 2917 1090 2972 Part.
1101 2930 1190 2973 tanea
1204 2936 1270 2974 oon·

82 2987 167 3045 fundae
194 2990 272 3045 huno
297 2988 428 3045 Soaevam
453 3008 516 3047 eum
541 2990 646 3047 Serere
695 2990 838 3062 iungenda
854 2994 898 3043 est-
917 3004 980 3046 oum
998 2991 1117 3060 adspice,
1133 3006 1191 3044 non
1206 3006 1270 3045 oum

81 3076 97 3111 ιι
142 3067 170 3117 te
186 3061 245 3117 Set.
264 3060 300 3125 II,
324 3064 347 3125 1,
365 3062 409 3115 53.
695 3065 778 3127 dirce,
788 3067 823 3116 ut
833 3061 982 3115 voluerunt
991 3060 1150 3115 Schmidius
1158 3065 1190 3116 et
1197 3060 1270 3117 Doe-

131 3136 179 3189 .I.
221 3132 355 3203 φισοιιιι]
376 3130 441 3187 vide
460 3131 496 3187 ad
513 3133 604 3187 Carm-
623 3133 644 3199 I,
696 3133 840 3190 derlinius.
853 3162 882 3171 —
901 3132 1013 3202 feriter]
1032 3128 1172 3203 ἀορίστως.
1190 3162 1225 3173 -·
1244 3139 1269 3188 ai

81 3203 117 3265 28,
135 3208 174 3259 13.
198 3232 235 3245 -
266 3202 383 3274 tuden]
404 3203 450 3259 Sio
468 3220 563 3260 omnes
580 3205 646 3260 libri
698 3219 724 3260 ιι
741 3207 835 3279 prata}
858 3202 903 3258 »ei
914 3204 1038 3272 quietam
1051 3204 1269 3273 numqaum,

81 3272 158 3344 lise.;
194 3274 348 3330 Horlreliua
378 3278 473 3330 tamen
500 3276 646 3347 ingeniose
697 3278 721 3331 si
740 3275 857 3346 negotia
872 3273 986 3329 tasum
1003 3274 1059 3329 tibi
1075 3274 1223 3344 imponunt
1239 3280 1270 3329 et

81 3346 186 3403 coniecit
213 3346 413 3416 oorrtgendum
441 3362 503 3401 ease
526 3360 645 3417 ιιιιαιιις
696 3348 750 3403 tibi
768 3346 817 3401 uni
832 3346 927 3401 vivere
945 3346 996 3412 vis,
1021 3346 1139 3401 aliorum
1159 3362 1213 3416 ope
1230 3346 1270 3401 ia·

81 3418 117 3471 mi
132 3417 341 3475 eenoedendum
365 3420 443 3483 oei-,te
462 3424 512 3482 eet,
533 3422 644 3489 tandem,
697 3418 751 3475 uile
765 3419 874 3489 poteria
892 3432 997 3484 earam,
1014 3416 1173 3472 aedoonier
1190 3423 1220 3473 te
1240 3418 1270 3472 in

81 3490 144 3554 quod
168 3490 207 3545 sit
232 3489 415 3560 impatienter
433 3490 645 3563 interrogantis,
690 3486 878 3545 'solitudinem
899 3489 979 3558 parvi
1007 3488 1106 3558 oppidi
1134 3490 1270 3557 (Ferenti-

80 3560 167 3616 relerri
191 3577 279 3632 posse
309 3559 346 3615 ad
374 3561 460 3615 verba
488 3564 646 3631 quaerendi,
696 3562 777 3633 nam),
800 3560 849 3615 ubi
865 3559 965 3631 ignoto
983 3566 1013 3614 et
1030 3576 1130 3615 seuero
1149 3560 1270 3616 admor-

82 3632 264 3705 ιιιιιιιμιιιιι,
293 3631 404 3695 similia,
430 3648 487 3686 non
507 3648 590 3701 posse
609 3632 645 3688 ad
695 3638 754 3687 tem
781 3633 870 3687 latare
891 3631 946 3686 tibi
970 3631 1074 3687 licebit.
1118 3632 1223 3687 Verum
1245 3634 1268 3688 ei

82 3703 183 3759 verbnm
203 3707 316 3759 edundi.
354 3702 448 3757 Minus
518 3720 552 3759 ve
570 3703 646 3759 vide·
694 3705 810 3774 negotia
827 3703 948 3771 quaeris,
976 3705 1010 3756 ut
1029 3720 1088 3757 rein
1107 3704 1161 3758 tibi
1178 3720 1270 3775 pares,

81 3776 118 3825 tur
142 3776 273 3837 alterurn,
303 3774 379 3843 quod
398 3773 434 3829 ad
457 3774 463 3786 “
485 3775 518 3840 ιι,
547 3774 583 3830 de
601 3792 646 3830 ra·
695 3782 728 3829 ut
745 3775 799 3830 tibi
817 3774 931 3843 tuisque
949 3773 1050 3843 prosis,
1069 3774 1094 3829 ιι
1112 3775 1215 3830 laetam
1229 3776 1270 3830 vi-

82 3843 153 3913 llone,
179 3864 238 3917 qua
262 3844 415 3901 maioribus
434 3846 571 3900 utendum
597 3846 643 3910 eit,
694 3852 754 3902 tam
774 3844 923 3917 praeiere,
956 3844 1078 3916 agedum
1110 3848 1269 3916 potentium

79 3914 137 3970 mil
161 3918 294 3973 universa
321 3916 448 3987 praeeipi
495 3933 566 3981 osee,
594 3918 645 3973 sed
694 3916 838 3973 hominnm
856 3916 1269 3987 molientemque-prt-

80 3983 168 4043 tlebere
185 3992 344 4061 praecepta
361 4004 396 4043 er
414 4004 467 4043 eon
490 3988 579 4044 'mone
597 4004 645 4045 ao·
693 4009 764 4044 atum
783 3991 890 4055 toran]
914 3987 981 4043 vide
1007 3990 1045 4043 ad
1061 3990 1119 4045 Sat.
1138 3988 1160 4053 1,
1179 3992 1205 4051 ὁ,
1225 3992 1268 4043 28.

80 4071 146 4122 mm,
173 4060 276 4130 quibus
297 4059 503 4129 praeripiatur,
531 4060 643 4116 diversa
697 4088 728 4101 -
748 4060 843 4129 laedit]
859 4060 906 4115 Sia
922 4060 979 4114 duo
995 4060 1146 4124 Blandinii‚
1167 4060 1269 4129 reliqui

79 4144 137 4185 erae
155 4131 643 4199 Praetereaeumneaeiamunduae·
692 4148 789 4187 omnes
807 4131 923 4199 (nequii
940 4133 1045 4201 laadan
1073 4148 1090 4187 o
1110 4130 1172 4185 timi
1190 4131 1269 4187 Orel-

80 4214 175 4271 taqua
191 4202 355 4259 uenditione
380 4219 445 4257 uem
470 4220 561 4274 quove
579 4202 642 4259 loeo
691 4202 723 4257 lii
741 4206 838 4268 laedat,
867 4203 942 4273 quod
969 4219 1027 4257 non
1053 4201 1088 4257 de
1123 4202 1174 4257 bat
1197 4202 1269 4257 reei-

79 4276 148 4328 natne
166 4275 212 4341 eit,
234 4273 389 4329 uerendum
407 4278 452 4328 eet
468 4274 582 4346 nequid
593 4274 642 4329 ho·
691 4290 760 4345 pere
776 4274 920 4344 Ritterue3
947 4273 978 4328 in
998 4276 1112 4328 'mutato
1138 4277 1267 4343 ternpore

78 4342 148 4400 minis
166 4347 209 4401 vel
229 4346 363 4417 dignitati
380 4344 537 4401 velhonori
549 4346 642 4401 detra·
694 4344 765 4400 nihil
774 4346 849 4400 Inest
858 4344 1024 4416 elegantiae.
1035 4374 1069 4385 -
1083 4345 1266 4417 Ferentinum]

78 4410 161 4483 hatnr3
188 4420 364 4487 quapropter
388 4433 445 4472 non
473 4434 557 4473 ausus
583 4434 644 4472 sum
693 4418 881 4473 Hernicorum
907 4416 1090 4487 municipium
1108 4415 1170 4471 viae
1187 4415 1268 4471 Lari·

79 4500 130 4540 enm
148 4488 291 4545 Ileinekio
316 4489 345 4541 et
362 4487 542 4544 Doederllnie
568 4490 644 4544 oedi-
693 4504 779 4543 uanae
797 4488 834 4544 ad
851 4486 965 4542 XLVIII
983 4488 1113 4557 lapidem.
1139 4486 1268 4543 Walelre·

78 4570 131 4611 cun
142 4560 345 4615 auotoritatem
359 4560 644 4617 deterere-doces·
692 4561 789 4615 narius
814 4575 867 4630 pro
884 4559 1019 4614 Etruriae
1079 4558 1147 4629 pido
1172 4559 1259 4615 habet

79 4628 119 4681 tea
135 4632 234 4704 uitae]
255 4630 427 4702 »Pnsoepta
445 4631 487 4688 ita
498 4632 597 4699 elevat,
612 4637 644 4687 ut
693 4632 769 4703 quod
786 4630 870 4687 hodie
886 4634 996 4687 Ferenti
1012 4630 1043 4686 ιιι
1083 4646 1186 4687 oseana
1205 4646 1267 4686 esee
