3125 5225
509 250 598 321 LIB.
619 248 663 319 IL
683 250 827 323 belen.
849 250 894 319 Π.
1236 250 1301 317 573

493 488 498 497 ’
544 444 772 531 Briarcus
805 445 858 529 Π.

161 608 279 706 Flore,
303 610 408 685 bono
435 606 619 711 claroque
640 608 767 685 fidelis
794 608 917 684 amice
941 602 1098 701 Neroni,

161 732 307 833 Siquis
332 734 434 809 forte
455 732 551 809 volit
573 759 737 831 puerum
763 731 834 807 tibi
862 728 1026 806 vendere
1052 743 1184 806 nutum

159 856 298 934 Tibure
321 858 385 935 vel
413 856 549 937 Gabiis
574 870 613 933 ot
634 870 759 933 tecum
786 854 840 930 sic
861 866 970 952 agat:
996 852 1092 948 „Hic
1115 864 1153 927 et

161 981 352 1059 Candidus
379 996 417 1057 et
441 982 538 1059 talos
565 982 756 1059 avertice
782 978 945 1077 pulcher
971 975 1021 1052 ad
1047 977 1144 1053 imos

130 1104 238 1182 sFiet
260 1108 409 1209 eritque
433 1121 519 1183 tuus
546 1133 793 1183 nummorum
820 1104 975 1179 milibus
1001 1116 1099 1197 oceo,

157 1230 285 1309 Venno
308 1232 529 1309 ministeriis
550 1233 601 1309 ad
627 1246 741 1307 nutus
766 1241 879 1329 optus
905 1228 1056 1323 heriles,

102 1378 108 1387 '
156 1354 351 1433 Litterulis
372 1360 530 1438 Graecis
556 1358 737 1453 imbutus,
761 1355 922 1430 idoneus
949 1353 1021 1429 arti

280 1552 449 1624 Epistol„
466 1553 502 1609 11,
729 1533 790 1588 luta
809 1534 934 1589 carmina
957 1530 1086 1586 emittere
1110 1531 1242 1611 cupienti,
1269 1532 1303 1585 ιιι

729 1606 839 1661 beatius
867 1620 957 1675 prope
984 1601 1142 1657 habendum
1166 1601 1204 1657 sit
1231 1600 1303 1657 illud

115 1670 226 1751 'lulius
252 1672 355 1730 Florus
378 1674 493 1731 Tssserio
516 1674 622 1730 Neroni
647 1679 680 1730 ut
729 1694 818 1747 genus
835 1682 991 1745 poetarum,
1016 1672 1093 1743 quod
1119 1673 1219 1728 mentis
1242 1673 1303 1729 acie

113 1757 141 1795 ιιι
155 1742 320 1801 Armeniam
337 1746 525 1816 proficiscenti
544 1746 643 1817 [Epist.
656 1744 679 1809 1,
729 1754 844 1818 captum
870 1762 960 1817 neque
990 1762 1040 1799 ιιιι
1063 1744 1209 1814 pervideat
1234 1744 1303 1799 vitiu

111 1814 137 1877 3)
155 1812 195 1867 ita
212 1816 423 1887 expeditionem
441 1819 469 1873 in
487 1817 633 1873 Dalmatas
650 1820 681 1871 et
730 1823 760 1874 ιι
780 1818 836 1873 eibi
853 1819 964 1888 placeat
981 1817 1017 1887 (s.
1033 1817 1105 1885 140);
1116 1816 1241 1871 studium
1253 1815 1303 1870 de·

111 1882 266 1967 Pannonios
300 1904 325 1943 a.
344 1892 397 1944 743
433 1888 549 1944 facienti
588 1905 680 1943 comes
730 1890 813 1959 nique
831 1888 994 1971 sapientiae,
1017 1886 1063 1941 cui
1088 1886 1223 1970 quidquid
1246 1886 1303 1942 eibi

112 1952 192 2011 fuuse
216 1958 339 2013 videtur.
381 1959 519 2015 Nimirum
537 1959 679 2015 diversum
730 1961 806 2015 vitae
825 1960 954 2015 relictum
973 1958 1010 2013 sit
1029 1958 1141 2013 tradere
1165 1976 1220 2013 ram
1237 1974 1303 2013 con·

110 2024 185 2081 buius
198 2030 336 2099 epistolae
348 2035 460 2102 tempus
473 2034 680 2101 estatempore
731 2030 863 2087 stituerit.
894 2030 939 2087 Sic
958 2030 1017 2084 exit
1035 2029 1155 2100 epistola
1171 2028 1201 2084 in
1218 2046 1303 2085 aurea

109 2099 206 2155 tertiae
223 2100 293 2155 libri
306 2102 410 2173 primi3
439 2120 505 2157 nam
530 2102 612 2157 aliter
628 2118 680 2157 our
730 2104 867 2173 quaedam
897 2102 1047 2172 praecepta
1074 2105 1152 2157 recte
1181 2100 1301 2168 vivendi,

108 2175 188 2237 pseu
207 2171 353 2243 egregiam
371 2173 443 2229 bauo
461 2192 478 2229 e
498 2174 679 2229 istolamnon
729 2175 842 2246 seepius
868 2174 924 2227 iam
948 2173 978 2227 iu
1006 2172 1133 2243 epistolis
1156 2172 1303 2243 proposita

109 2240 196 2309 primo
222 2244 322 2298 statim
349 2243 423 2300 libro
439 2192 590 2310 adiremus,
616 2246 679 2314 quis
729 2246 779 2301 sed
803 2246 947 2315 ingeniose
973 2243 1115 2313 descripta
1139 2246 1168 2298 et
1192 2259 1302 2313 semper

108 2320 210 2368 recem
248 2331 360 2370 musam
401 2318 492 2387 possit
531 2316 680 2372 invenire?
729 2334 805 2372 vera.
848 2316 959 2387 Scripta
977 2315 1089 2369 videtur
1112 2314 1180 2370 viris
1207 2314 1300 2371 doctis

129 2389 282 2509 saguntus
299 2386 388 2457 igitur
405 2392 467 2442 erat
483 2386 592 2455 Florus,
603 2386 679 2457 quod
728 2404 803 2443 anno
820 2390 881 2442 743.

107 2382 140 2509 ib
184 2457 280 2512 oratio
305 2474 396 2527 neque
422 2459 572 2543 epistolam
594 2458 679 2512 ullam
764 2458 797 2512 V.
818 2462 841 2513 1.
878 2457 921 2512 De
938 2456 1023 2529 primi
1040 2472 1137 2512 versus
1156 2474 1175 2511 u
1211 2454 1299 2527 ligen-

107 2542 195 2597 neque
214 2529 341 2583 carmina
364 2527 414 2585 diu
442 2547 498 2586 ram
523 2527 680 2585 desiderata
728 2529 802 2584 tiore
834 2528 924 2584 forma
950 2528 984 2583 cf.
1013 2528 1048 2582 ad
1076 2472 1210 2596 Epistei,
1229 2528 1255 2589 9.
1273 2528 1299 2583 4.

106 2600 270 2669 accepisset.
318 2598 369 2655 cui
396 2600 508 2672 quidem
534 2605 679 2657 excusatu·
728 2600 770 2657 De
786 2600 898 2656 Tiberio
923 2600 1021 2655 iuvene
1045 2599 1110 2655 vide
1129 2598 1165 2654 ad
1183 2598 1300 2656 eandem

106 2686 151 2724 rus
173 2688 204 2726 se
234 2673 320 2741 poeta
343 2671 386 2726 ita
408 2673 459 2728 hac
483 2673 603 2743 epistola
621 2672 679 2728 ani-
728 2673 884 2744 epistolam.
903 2702 936 2712 -
958 2671 1062 2744 Tibure]
1084 2670 1148 2725 Noli
1166 2687 1300 2740 quaerero

105 2743 679 2872 ebibet,¹¹t¹3¹¹¹teitt¹itt³0⁶
727 2741 1302 2886 ttissitfttb‘izl‘itttbffi

104 2883 193 2952 nibus,
215 2881 252 2939 de
270 2886 383 2955 poetica
402 2885 544 2952 facultate,
563 2885 599 2940 de
618 2886 678 2956 pbi-
728 2887 803 2941 enim
819 2903 890 2956 puer
903 2885 1069 2956 peregrinus
1084 2855 1299 2954 etiucognitus3

104 2954 234 3027 losophia
261 2955 380 3011 sentiret
402 2957 518 3012 liberius
546 2960 598 3012 aut
620 2957 679 3027 ple·
730 2957 779 3012 sed
797 2959 889 3028 poetis
908 2963 985 3011 certa
1008 2956 1129 3026 imagine
1155 2972 1224 3024 opus
1249 2957 1300 3010 eet.

103 3027 164 3080 nius
203 3025 335 3081 videatur
372 3027 585 3112 exprompsisse.
636 3029 678 3086 Ac
729 3029 860 3084 Ceterum
881 3027 1018 3083 admirare
1035 3033 1126 3082 artem
1142 3025 1253 3081 Horatii
1271 3027 1301 3082 in

101 3098 227 3165 primum
245 3097 356 3167 quidem
396 3099 451 3154 uod
470 3099 539 3154 nihil
557 3099 594 3154 ad
614 3099 677 3154 Flo·
729 3099 922 3155 describendis
948 3116 981 3153 ac
1002 3097 1114 3152 tuendis
1133 3113 1302 3167 mangonum

102 3185 162 3222 rum
202 3169 348 3251 scripserit
376 3117 549 3237 iittera'rum,
584 3169 678 3255 lepido
729 3175 759 3256 et
772 3174 960 3252 mercatprum
979 3185 1087 3252 merces
1105 3185 1167 3222 suas
1186 3166 1302 3252 laudan·

101 3239 679 3384 tibttes⁰t¹ttbt·²3bssbtb
728 3247 771 3368 {1¹2¹
774 3242 952 3378 babebit,
963 3239 1224 3380 tetberti·
1244 3240 1302 3366 fib

103 3379 271 3438 bucelliano
297 3383 385 3438 milite
414 3385 577 3440 narratione
596 3403 678 3440 excu-
728 3384 765 3439 ad
787 3384 908 3438 animum
928 3382 1106 3438 referendum
1126 3380 1174 3436 sed
1193 3381 1301 3438 adcor·

102 3457 145 3507 sat
161 3455 201 3522 (v.
215 3454 273 3523 4⁰);
302 3453 368 3508 dein
394 3454 474 3512 addit
497 3455 577 3525 quasi
593 3473 678 3526 quan·
729 3473 790 3526 pus.
809 3453 884 3511 Nudi
902 3459 996 3508 autem
1008 3452 1117 3511 venale·
1136 3453 1171 3508 ‘ab
1190 3457 1301 3524 emptu·

101 3522 165 3580 dam
184 3525 308 3580 tabulam
326 3526 401 3580 vitae
418 3543 483 3581 suae
501 3543 533 3581 ac
551 3529 677 3598 poetico·
726 3527 864 3583 rieutibus
875 3525 1084 3598 spectabantur.
1104 3523 1301 3596 SancoEpist.

104 3613 167 3650 rum
188 3596 358 3666 studiorum
377 3597 556 3667 ostenditque
575 3599 676 3669 quibus
725 3601 807 3662 80‚9:
829 3597 999 3667 »Mangones
1015 3596 1149 3666 quidquid
1167 3595 1300 3668 estquod

100 3668 194 3722 causis
219 3667 285 3722 olim
309 3671 343 3722 ut
365 3670 472 3752 poesim
495 3670 676 3739 amplectere·
725 3669 874 3739 displiceat
902 3669 994 3738 aliquo
1019 3667 1156 3723 lenocinio
1182 3669 1301 3726 abscon·

100 3743 148 3793 tur
175 3737 329 3808 perductus
357 3744 394 3795 ιιι
418 3742 574 3810 quibusque
601 3758 675 3796 nunc
725 3741 811 3810 dunt;
838 3741 932 3809 itaque
958 3740 1116 3794 ementibus
1137 3743 1302 3796 ornamenta

100 3811 132 3863 ut
151 3825 215 3864 eam
233 3810 373 3880 relinquat
389 3819 548 3880 permotum
566 3827 596 3865 aa
613 3829 674 3867 sen·
724 3813 787 3882 ipsa
806 3817 936 3883 suspecta
950 3815 1031 3865 suut:
1051 3811 1109 3865 sive
1123 3829 1186 3866 orus
1203 3811 1299 3884 alliga·

100 3881 165 3937 tiat.
213 3879 338 3936 Excusat
356 3884 429 3937 enim
448 3901 525 3938 suam
542 3887 673 3948 aetatem,
725 3889 786 3937 tum
798 3883 855 3938 eive
869 3882 1015 3944 brachium
1031 3882 1179 3952 aspiceres,
1198 3880 1300 3937 nudari

100 3949 216 4007 fastidia
233 3952 380 4018 laetorum,
392 3970 513 4024 quorum
532 3953 602 4008 alius
620 3954 675 4010 elie
725 3953 835 4009 iuberes
854 3960 882 4009 et
901 3953 992 4025 ipsum
1010 3953 1062 4007 tibi
1083 3970 1133 4008 cor
1153 3971 1185 4006 ιιι
1206 3958 1300 4008 oeten·

100 4027 250 4094 exspectet
275 4041 309 4078 ao
337 4025 448 4095 probet,
484 4025 674 4081 turbuientam
724 4023 778 4080 di«
791 4029 944 4080 -ms'b'tus
965 4025 1034 4094 cccc]
1056 4025 1109 4078 763
1127 3972 1188 4078 tior.
1209 4023 1297 4078 Rhea.

97 4095 189 4150 vitam
223 4095 299 4150 inter
325 4097 476 4167 strepitum
503 4097 675 4167 molestaque
727 4125 759 4136 -·
780 4093 929 4168 litterulis}
955 4095 1058 4150 Cautus
1087 4099 1131 4150 eet
1150 4111 1252 4166 mango
1270 4095 1299 4150 in

99 4167 218 4238 negotia
244 4165 370 4223 Romana
394 4171 429 4238 (v.
448 4170 504 4238 86),
541 4167 674 4235 taedium,
724 4165 864 4222 laudanda
873 4168 953 4239 pueri
966 4166 1129 4237 cognitione
1139 4166 1300 4220 litterarum

100 4237 176 4308 quod
201 4237 303 4294 misera
330 4243 360 4293 et
381 4240 486 4294 insulsa
503 4237 676 4294 versificato-
725 4256 902 4310 graecarum;
934 4239 999 4293 iude
1020 4237 1192 4292 deminutiva
1211 4236 1301 4292 forma

101 4326 166 4364 rum
192 4307 294 4378 quibus
319 4315 379 4363 tum
399 4309 490 4366 Rome
516 4309 677 4366 abundabat
726 4312 825 4366 etsoc.
834 4313 957 4364 testulus.
967 4309 1001 4364 ci.
1012 4307 1128 4362 Sueten.
1140 4307 1176 4362 de
1183 4323 1300 4377 gramm.

99 4385 198 4435 mutua
216 4379 341 4436 laudatio
368 4385 397 4436 et
421 4381 545 4436 adulatio
574 4381 676 4437 debeat
726 4385 756 4437 4:
778 4379 878 4452 »Apud
893 4381 1022 4444 maiores,
1039 4379 1078 4436 ait
1087 4377 1220 4444 Orbilius,
1237 4396 1302 4435 cum

98 4452 226 4506 excitare
247 4454 283 4520 (v.
300 4455 371 4518 109),
399 4453 529 4524 ingentes
556 4450 675 4508 difficul·
724 4452 832 4508 familia
858 4452 976 4506 alicuius
1000 4451 1104 4506 venalis
1133 4450 1302 4519 producere·

98 4526 175 4578 tates
200 4537 272 4592 quae
295 4523 468 4594 superandae
493 4523 550 4579 sint
566 4523 675 4578 bomini
725 4528 782 4588 tur,
812 4540 869 4580 nou
895 4527 1002 4578 temere
1030 4538 1112 4591 quem
1139 4525 1299 4589 ιὲιιιναιιιι,

98 4593 260 4650 tolerabitia
278 4595 381 4650 nedum
399 4596 523 4666 perfecta
541 4601 570 4650 et
595 4596 675 4651 abso·
725 4596 776 4652 sed
786 4600 968 4651 liesuassren
979 4593 1096 4649 inscribi
1106 4593 1219 4648 solitum
1229 4611 1299 4660 esse,
