3125 5225
404 274 494 341 LIB.
515 276 544 341 I.
564 274 870 343 GARM.VI.V11.

198 460 394 537 Cantemus
420 462 533 537 vacui
559 462 640 538 sive
663 460 938 561 quidnrimur,

157 618 180 657 a
240 583 323 659 Non
347 598 501 683 praeter
525 585 679 661 solitum
705 587 822 662 leves.

484 908 673 996 Osanna
705 911 792 995 llll.

107 1066 320 1144 Laudabunt
344 1065 410 1141 alii
437 1066 580 1145 claram
604 1066 769 1143 Rhodon
794 1080 860 1143 ant
882 1066 1094 1165 Mytilenen

192 1190 271 1267 Ant
291 1190 472 1288 Epheson
497 1191 705 1267 bimarisve
732 1190 909 1269 Corinthi

107 1314 244 1391 Moenia
268 1314 330 1391 vel
351 1314 503 1392 Baccho
530 1315 682 1391 Thebae
707 1314 770 1391 vel
797 1312 987 1415 Apolline
1010 1313 1181 1413 Delphos

187 1438 363 1539 Insignes
385 1452 453 1515 aut
476 1439 658 1516 Thessala
682 1440 839 1537 Tempe.
1250 1426 1255 1433 ’

84 1561 190 1639 sSnnt
213 1564 351 1662 quibus
377 1590 496 1639 unum
522 1590 618 1663 opus
645 1577 701 1639 cst
725 1564 893 1641 intactae
909 1563 1079 1639 Palladis
1104 1565 1240 1640 urbem

192 1690 372 1769 Carmine
395 1668 583 1791 perpetuo
613 1689 808 1767 celebrare
837 1702 876 1765 et

69 1832 119 1886 nibil
133 1833 299 1904 mouentia·
316 1839 361 1889 est
378 1836 407 1889 in
426 1836 612 1905 pentametris
664 1834 807 1890 Ciceronis
826 1832 988 1905 discipulus,
1005 1838 1103 1889 orator
1117 1833 1239 1890 habetur

69 1904 179 1975 elegiacis.
197 1906 260 1959 Alia
278 1906 408 1976 exempla
428 1922 513 1977 supra
526 1906 612 1962 habes
664 1906 808 1979 insignis«
861 1905 923 1973 Quo
941 1910 1069 1975 tempore
1086 1906 1112 1958 h.
1129 1922 1152 1959 c.
1172 1907 1242 1961 acri·

69 1992 86 2028 r.
94 1980 113 2029 1.
122 1980 157 2031 13.
181 2008 211 2017 -
234 1978 328 2049 uacat]
351 1978 434 2033 liberi
452 1980 487 2033 ab
508 1994 612 2033 amore.
663 1983 745 2048 ptum
764 1978 811 2042 sit,
837 1993 893 2031 non
912 1993 1061 2046 possumus
1083 1993 1136 2045 pro
1159 1981 1239 2033 certo

69 2046 213 2101 ldiactivum
232 2053 266 2103 ut
287 2050 471 2119 participium
487 2052 613 2119 positum
665 2047 813 2112 affirmare,
831 2049 888 2102 nisi
901 2047 977 2116 quod
995 2048 1055 2102 veri
1064 2048 1240 2103 similavide·

70 2124 172 2173 atteias
188 2126 266 2174 sarai
288 2139 393 2189 semum
421 2121 462 2175 sio
481 2122 572 2176 Germ.
591 2120 613 2185 1,
663 2124 718 2189 tur,
737 2125 797 2173 tum
814 2118 926 2173 demum
936 2119 1062 2188 potuisse
1073 2119 1168 2182 scribi,
1177 2135 1242 2175 oum

69 2191 99 2247 32,
112 2192 132 2243 6.
161 2188 214 2244 Sat
230 2190 265 2254 11,
286 2194 312 2255 5,
335 2194 377 2246 11.
411 2220 445 2231 -
489 2194 538 2247 eid
556 2200 615 2248 ari·
663 2190 808 2245 Munatius
820 2190 974 2245 Antonium
991 2190 1048 2243 iarn
1066 2190 1240 2261 reliquisset3

71 2260 121 2328 aar]
140 2260 319 2317 Accusativns
345 2262 480 2317 adverbia
493 2264 515 2317 's
537 2280 573 2318 ne
596 2282 614 2319 a
665 2262 694 2317 id
713 2262 788 2331 quod
803 2260 907 2316 iactum
920 2264 965 2315 cat
984 2278 1009 2314 a.
1019 2279 1046 2316 u.
1059 2278 1084 2315 c.
1092 2264 1153 2315 722.
1171 2262 1241 2317 Fue·

69 2330 166 2397 pedulri
187 2333 299 2403 quidem
324 2335 453 2389 oratione
471 2334 613 2389 abhorret.
664 2338 731 2387 runt
748 2337 847 2389 antem
864 2333 912 2401 qni
923 2335 992 2388 alb
1008 2332 1039 2387 in
1051 2333 1106 2387 dno
1117 2332 1242 2387 carmina

69 2424 141 2456 -sos
155 2416 259 2475 parrer
277 2408 332 2459 sol.
351 2405 432 2475 leues]
452 2405 529 2473 Quae
546 2406 613 2461 levi·
664 2404 883 2475 disiungendum
906 2406 1052 2473 putarent,
1077 2420 1177 2473 parurn
1200 2404 1241 2457 in·

70 2476 101 2525 trs
122 2474 237 2543 proxime
266 2478 397 2546 pertinet
417 2476 453 2530 ad
479 2493 612 2541 amorem,
664 2476 832 2547 telligentea
851 2479 952 2530 neutra
970 2479 1053 2545 parte
1070 2478 1164 2529 toturn
1182 2491 1242 2530 car·

71 2544 207 2601 marenae
230 2552 327 2601 eutem
352 2548 387 2602 ab
404 2564 498 2603 amore
516 2548 553 2603 ad
570 2566 613 2603 ra·

68 2616 147 2670 tionem
163 2619 310 2688 poeticam.

208 2731 439 2787 Gurmeu·Vll.

80 2819 199 2880 Dividitur
206 2826 261 2910 hoc
269 2841 385 2882 carmen
395 2828 425 2882 in
435 2830 495 2883 tres
506 2831 611 2898 partes,

67 2909 267 3034 lllmuplli,
286 2901 613 3040 {hildebaldi

66 3032 136 3090 Prima
162 3045 257 3110 parte,
285 3057 360 3110 quae
387 3048 431 3096 eat
456 3043 612 3107 exordium,

67 3110 193 3164 ostenditur
221 3111 293 3166 alios
312 3111 382 3168 alias
401 3115 509 3184 magnis
525 3114 613 3168 laudi·

66 3176 196 3258 busUefferre
205 3183 339 3252 regiones
349 3187 379 3237 et
388 3185 482 3254 urbes3
494 3201 614 3255 quorum

67 3247 151 3331 tudiciis
180 3255 272 3309 media
304 3255 431 3309 carmine
462 3257 613 3326 opponitur

68 3321 244 3399 ipsrnalloretii
259 3341 344 3380 umor
356 3327 517 3381 solitudinis
529 3331 559 3382 et
568 3345 614 3380 ru·

67 3393 131 3470 eticae
139 3395 215 3460 vitae,
224 3413 281 3464 quo
292 3401 326 3450 ut
336 3397 441 3450 amicus
449 3415 559 3467 qnoque
569 3413 614 3452 cc·

66 3467 136 3526 piatur
150 3471 177 3519 at
187 3483 203 3520 a
215 3467 343 3537 negotiis
352 3471 384 3521 et
395 3471 515 3538 strepitu
525 3469 614 3522 homi·

665 2562 729 2602 men
749 2545 866 2602 absolvi.

701 2617 733 2672 V.
746 2622 769 2674 l.
799 2622 904 2673 claraus
928 2617 1057 2743 Rhodani!
1073 2621 1241 2678 marmure.

666 2690 784 2757 artibus,
795 2691 970 2759 eloquentiae
982 2694 1028 2744 atu
1050 2689 1091 2744 'is
1111 2689 1189 2744 Suet.
1196 2688 1242 2741 Ti·

666 2761 725 2815 ber.
755 2764 848 2816 cll:
892 2761 1044 2816 »Rhodum
1080 2760 1242 2830 enavigavit

665 2833 836 2886 amoenitate
864 2835 894 2886 et
926 2832 1093 2887 salubritate
1133 2831 1241 2885 insulae

665 2909 790 2974 captus«
820 2933 852 2942 -—
878 2903 1037 2974 lusitasse]
1056 2918 1140 2971 quam
1157 2901 1243 2956 Lesbi

665 2974 771 3029 insulse
794 2975 896 3028 urbem
923 2967 1011 3029 (lice‘r.
1035 2973 1071 3028 de
1098 2972 1155 3044 leg.
1181 2989 1242 3044 sgr.

665 3045 700 3110 Π,
724 3048 756 3100 16
793 3048 840 3099 »st
867 3049 970 3099 natura
994 3050 1025 3100 et
1051 3043 1241 3114 descriptione

665 3115 860 3170 aedificiorum
893 3119 923 3169 et
952 3115 1162 3186 pulchritudine
1193 3116 1244 3168 im·

665 3188 765 3256 primis
785 3186 923 3241 nobilem«
942 3192 1031 3242 vocat.
1057 3216 1091 3225 -
1117 3184 1241 3257 timeris]

665 3259 701 3313 cl.
723 3257 804 3312 Ouid.
813 3257 881 3311 Mat
892 3258 925 3325 V,
934 3260 995 3313 407.
1021 3257 1119 3347 Eurip.
1138 3256 1241 3311 Troad.

668 3331 751 3384 1097:
783 3329 917 3399 »δίπορον
942 3326 1068 3400 κορυφὰν
1094 3334 1241 3399 lesinione

665 3398 1246 3526 asorniseuera:

905 3511 912 3539 1

66 3535 151 3588 eumad
165 3537 250 3591 otium
261 3541 291 3591 et
303 3539 428 3607 quietem
437 3540 539 3596 leniter
550 3557 612 3609 per·
664 3547 760 3596 turam
778 3546 807 3595 et
825 3542 1028 3610 plantationem
1045 3540 1105 3595 eins
1132 3541 1242 3596 arboris

66 3599 158 3686 lucatur
175 3609 319 3676 sapienter
338 3614 367 3662 et
383 3609 473 3665 amice
488 3617 611 3680 optatur.
667 3613 808 3667 invenisse
834 3612 994 3667 dicebatur:
1022 3612 1140 3667 Athenis
1163 3615 1242 3667 certe

67 3671 138 3757 Tertia
155 3677 252 3734 deinde
269 3683 354 3749 parte
363 3679 465 3735 Teucri
483 3681 612 3752 exemplo
668 3701 701 3739 ea
732 3683 843 3738 cultura
867 3687 896 3737 et
918 3683 1110 3737 vetustissima
1134 3685 1164 3736 et
1188 3681 1242 3736 ire·

66 3747 131 3800 nula
147 3749 268 3815 docetur,
300 3767 468 3821 quocunque
485 3753 611 3808 homines
665 3755 848 3825 quentissima
865 3754 932 3823 init3
956 3754 1013 3808 vid.
1031 3753 1133 3809 Herod.
1145 3753 1178 3818 V,
1190 3757 1241 3808 82:

67 3811 164 3872 tuentur
172 3819 288 3876 antiato
298 3823 402 3892 agitati
411 3826 612 3878 autroluntatc
668 3830 805 3897 »Alyssos
824 3826 855 3879 dl
875 3824 1080 3885 suidelicias
1103 3825 1173 3879 ἔσαν
1196 3820 1242 3877 ἄλ-

67 3885 130 3968 ducti,
145 3891 351 3947 sihilaritatem
370 3895 612 3950 etccntinentism
666 3900 729 3951 toas
750 3899 801 3966 γῆς
825 3893 951 3969 οὐδαμοῦ
975 3901 1033 3950 κατ’
1062 3897 1168 3951 ἐκεῖνον
1194 3892 1244 3950 τὸν

67 3962 128 4012 mini
143 3964 323 4028 servaverint,
334 3965 433 4019 beatos
451 3983 499 4022 cca
510 3967 571 4020 iore
584 3972 614 4019 et
662 3963 770 4040 χρόνον
793 3963 810 4034 ἢ
831 3963 998 4042 'Adimam
1044 3971 1138 4022 Fausti
1164 3987 1242 4035 prae·

68 4036 199 4107 apenos
222 4051 295 4104 quae
320 4035 358 4089 ad
386 4053 453 4091 vere
480 4043 612 4106 recteque
663 4059 763 4109 ponere
792 4043 838 4092 est
860 4052 941 4108 capas
967 4040 1105 4092 redimire.
1160 4036 1243 4104 Quod

68 4103 185 4156 mudum
194 4106 613 4174 requirantur.-L.Munatina
663 4109 741 4164 aliud
761 4113 849 4179 caput
865 4112 961 4178 potest
969 4108 1091 4177 intelligi
1102 4107 1158 4161 nisi
1167 4109 1241 4178 ipso·

68 4165 168 4240 Pincus,
187 4175 223 4228 ad
240 4191 327 4246 quern
344 4193 456 4234 carmen
475 4181 612 4249 scriptum
663 4197 726 4235 rum
745 4181 916 4250 poetarum?
951 4178 1030 4234 Dicit
1047 4179 1134 4248 igitur
1153 4179 1241 4233 Hora·

67 4245 103 4318 911.
118 4243 233 4312 (lasura,
253 4264 271 4301 a
291 4248 331 4301 ud
344 4267 426 4318 quem
439 4255 613 4322 pugnaverat
662 4253 734 4306 tius:
757 4251 849 4306 »Nihil
870 4251 1011 4320 antiquius
1033 4249 1139 4305 habent
1157 4267 1242 4320 quam

67 4327 86 4361 111
100 4313 177 4394 deliis
198 4321 267 4372 eth
300 4319 352 4384 ca,
379 4327 492 4376 mortuo
517 4322 611 4378 varius
663 4323 819 4377 Minervam
836 4324 952 4392 eiusque
970 4321 1241 4389 urbemcelebrars3

67 4387 258 4464 ermenteus
287 4391 414 4460 primum
440 4393 612 4460 Ciceronem,
665 4409 753 4464 quare
770 4393 910 4463 quidquid
927 4398 1041 4456 canunt,
1063 4391 1167 4446 olivam
1184 4393 1203 4447 i.
1215 4409 1240 4446 e.

68 4451 147 4512 demde
162 4461 323 4526 Antonium,
351 4467 411 4516 tum
431 4462 613 4520 Octavianum
663 4465 776 4521 laudem
785 4465 929 4519 Minervae
948 4468 1088 4534 quaerunt
1105 4463 1136 4515 in
1153 4480 1242 4532 eaque

67 4533 155 4614 mutus
179 4535 227 4586 est.
276 4533 411 4587 Ceterum
428 4533 613 4605 Hieronymus
665 4536 835 4592 celebranda
853 4553 932 4590 suam
949 4534 1242 4590 sibicorcnamsimul

68 4593 287 4671 iliauoplus:
308 4604 467 4660 »Munatius
485 4607 612 4671 Plancus,
663 4607 824 4676 inveniunt3
852 4623 989 4675 nusquam
1005 4623 1040 4661 ne
1059 4607 1088 4660 in
1106 4605 1241 4660 alienissi-
