3125 5225
775 259 1019 330 cosumus

491 450 615 526 Ducat
638 449 800 582 ruinam.
851 449 938 524 Non
966 475 1039 547 ego
1066 447 1256 546 perfidum

450 612 476 650 ιο
491 577 579 651 Dixi
603 589 902 652 sacramentum:
916 576 1079 671 ibimus,
1105 574 1255 670 ibimus,

537 701 738 801 Utcunque
762 701 982 800 praecedes,
1009 707 1230 800 supremum

594 827 763 925 Carpere
787 826 861 902 iter
885 825 1042 902 comites
1066 824 1201 924 parati

489 977 554 1053 Me
576 1001 647 1052 nec
672 975 898 1055 Chimaerae
924 975 1079 1074 spiritus
1104 974 1242 1072 igneae
1266 959 1270 966 ’

492 1101 573 1176 Nec
599 1101 632 1175 si
656 1113 833 1198 resurgat
860 1101 1095 1175 centimanus
1124 1101 1227 1193 Gyas

452 1257 476 1300 1⁶
543 1223 708 1301 Divellet
730 1249 917 1322 unquam:
944 1225 999 1298 sie
1023 1223 1171 1322 potenti

590 1348 762 1424 Iustitiae
787 1349 1049 1450 placitumque
1073 1347 1215 1462 Parcis.

490 1495 567 1574 Seu
593 1496 714 1571 Libra
737 1521 805 1572 seu
830 1522 893 1572 me
914 1497 1093 1595 Scorpios
1119 1495 1282 1594 adspicit

494 1621 793 1717 Formidolosus,
820 1646 909 1719 pars
935 1621 1138 1696 violentior

546 1743 693 1819 Natalis
718 1744 847 1840 horae,
868 1769 934 1820 seu
961 1757 1146 1841 tyrannus

452 1900 477 1939 a
529 1917 532 1921 -
593 1867 807 1965 Hesperiae
833 1869 1091 1968 Capricornus
1113 1865 1250 1962 undae,
1309 1903 1314 1914 ·

296 2015 318 2081 1,
336 2019 362 2074 5.
383 2042 418 2055 ·-
445 2016 551 2078 immun,
572 2013 681 2084 ἰὸόαω]
698 2013 730 2068 in
746 2013 818 2068 redu
837 2014 870 2068 li·
920 2017 951 2070 et
982 2014 1116 2070 salutaria
1154 2008 1334 2084 (ἅγαθοποιοὶ
1363 2005 1496 2080 ἀστέρες),

296 2081 626 2155 cationcfflucitntumr)
645 2085 717 2138 mira
735 2101 772 2154 qu
826 2102 870 2140 am
920 2083 975 2139 alia
1014 2085 1099 2139 noxia
1134 2089 1163 2138 et
1197 2083 1299 2138 infesta
1334 2083 1498 2152 (κακοποιοὶ

295 2158 339 2213 vir
363 2157 437 2211 inest
461 2154 657 2210 affirmationis
682 2160 712 2210 et
730 2157 869 2213 veritatis.
919 2153 1041 2226 ἀστέρες)
1048 2175 1056 2239 5
1070 2155 1183 2238 illorum
1195 2155 1499 2238 coniunctapotestate

295 2225 869 2368 utttuttttttttttsttsst:
920 2227 1290 2381 tutaturus?
1309 2225 1501 2366 tttttttt

296 2369 337 2426 ris
364 2367 609 2440 significationem:
639 2368 869 2440 quandocunque.
921 2373 1122 2440 temperatam
1140 2369 1214 2422 ratio
1233 2367 1502 2450 genesisefficicba·

295 2471 331 2484 -
364 2439 487 2509 carpere]
515 2439 573 2494 Sat.
593 2438 621 2504 1,
645 2442 676 2507 5,
698 2442 742 2496 95.
790 2441 869 2511 Virg.
921 2443 977 2506 tur,
1006 2441 1085 2498 cuius
1103 2442 1263 2501 observatio
1282 2457 1298 2494 a
1315 2438 1501 2494 mathemati-

296 2511 466 2582 Georg.111‚
488 2513 547 2566 142.
575 2510 622 2574 IV,
641 2513 704 2565 311.
742 2541 776 2552 -
808 2515 872 2572 cti·
921 2512 961 2566 cis
980 2511 1090 2566 institui
1108 2518 1136 2566 et
1153 2511 1325 2580 horoscopus
1345 2509 1401 2564 dici
1429 2509 1502 2564 sole-

295 2581 416 2653 mma]
446 2581 525 2638 »Non
545 2584 589 2636 est
611 2585 691 2637 tanta
714 2582 772 2648 ria,
801 2599 870 2652 quac
920 2583 979 2639 bat.
1025 2582 1093 2639 Inde
1120 2581 1320 2653 intelliguntur
1339 2583 1430 2637 verba
1451 2583 1502 2636 ad-

297 2673 343 2711 me
359 2656 451 2725 possit
468 2669 599 2723 separare
617 2670 634 2707 a
651 2657 705 2709 te.‹
754 2654 788 2708 In
815 2672 869 2725 quo
921 2660 1002 2723 spicit
1030 2660 1059 2710 et
1086 2676 1152 2725 pars
1183 2658 1292 2710 violant.
1323 2668 1379 2710 taut.
1403 2658 1501 2709 barac.

296 2728 360 2783 loco
387 2731 420 2779 ut
446 2742 582 2780 summam
602 2725 660 2779 vim
686 2725 797 2794 poetice
825 2726 871 2780 de·
921 2724 992 2781 Nam
1010 2724 1120 2781 etiamsi
1139 2725 1231 2780 sidera
1252 2725 1328 2781 inter
1346 2742 1376 2779 se
1403 2724 1502 2795 adspi-

296 2798 448 2862 suriberet‚
477 2796 665 2861 Chimaeram,
695 2795 869 2867 ignivomum
923 2814 987 2851 cere
1006 2796 1183 2863 dicebantur,
1210 2800 1303 2851 tumen
1329 2813 1386 2851 nou
1402 2798 1501 2851 minus

295 2872 468 2933 monstrum,
502 2872 532 2921 et
566 2867 756 2922 centimanum
783 2866 870 2937 Gyan.
923 2868 1009 2923 etiam
1026 2868 1221 2937 suspiciebant
1237 2870 1398 2923 nascentem
1409 2867 1503 2923 homi-

297 2942 401 2996 Terrae
418 2943 450 2993 et
468 2938 545 2993 Coeli
563 2937 652 2991 filium
669 2938 770 3006 (Germ.
787 2938 809 3003 Ι,
827 2942 870 3005 27,
923 2956 995 2994 nem.
1028 2938 1163 2994 Praesens
1183 2944 1293 3009 tempus
1312 2942 1434 3003 adspicit
1452 2936 1503 2993 du-

298 3014 343 3067 24.
358 3010 407 3075 111,
416 3015 442 3075 4,
452 3010 506 3077 69),
525 3009 630 3064 intulit.
660 3008 695 3063 cf.
708 3008 788 3080 virg.
802 3011 871 3065 Aen.
924 3014 1035 3065 rentem
1053 3010 1137 3065 etiam
1156 3028 1207 3079 per
1224 3010 1312 3065 vitem
1328 3008 1432 3065 sideris
1455 3028 1503 3078 po·

298 3083 345 3147 vl,
359 3084 421 3137 285.
457 3080 538 3135 Hom.
556 3080 590 3135 Il.
607 3078 654 3148 VI,
668 3083 718 3134 179
729 3098 789 3150 sqq.
826 3082 872 3135 Ti·
924 3084 1058 3137 testatem
1075 3081 1218 3151 exprimit.
1247 3080 1341 3145 Libra,
1359 3080 1503 3151 Iuppiter,

297 3154 368 3211 bull.
386 3152 435 3217 111,
451 3156 478 3217 4,
498 3154 547 3206 86:
569 3168 638 3205 »nec
655 3150 795 3207 flammam
814 3152 870 3207 vol·
924 3152 1026 3217 Venus,
1048 3152 1134 3207 ‘Luna
1164 3148 1341 3221 ἇγαθοποιοὶ,
1370 3151 1503 3221 Scorpio,

298 3243 367 3281 vens
385 3240 435 3306 ore
451 3224 596 3305 Chimaera
614 3222 702 3277 ieros
723 3254 758 3262 -
783 3237 872 3277 resur*
925 3222 1121 3293 Capricornus,
1143 3222 1289 3287 Saturnus,
1313 3223 1390 3277 Mars
1416 3243 1505 3276 κακο-

297 3294 873 3435 utut?statutam-¹³73
923 3294 1211 3421 ettttttttttt
1237 3294 1506 3436 sitiniiiimg‘ii

298 3437 406 3507 aticiae]
417 3442 496 3509 Δίκῃ,
506 3436 581 3490 Iovis
595 3441 624 3490 et
633 3434 775 3490 Themidis
788 3436 870 3491 filiae.
923 3436 998 3491 diam
1027 3436 1062 3491 de
1081 3436 1286 3493 Wuilensteinii
1304 3436 1382 3493 ducis
1408 3444 1505 3492 morta

298 3510 374 3577 Quae
397 3508 475 3576 qaod
491 3507 588 3561 Parcis
606 3506 729 3571 additur,
753 3508 784 3561 id
808 3508 871 3563 ideo
922 3508 944 3573 1,
959 3513 981 3563 1.
1020 3508 1149 3563 Imitatus
1167 3508 1240 3565 huuc
1257 3508 1350 3563 looum
1370 3510 1415 3563 est
1435 3510 1506 3563 Per-

295 3581 402 3637 iactum
418 3584 471 3645 est,
499 3583 531 3632 ut
555 3594 612 3632 non
639 3578 728 3633 solum
754 3578 814 3633 fata
843 3578 873 3633 id
923 3580 980 3635 sius
998 3582 1024 3648 ὃ,
1041 3582 1089 3633 45:
1119 3578 1198 3635 »Nou
1221 3578 1352 3649 equidem
1375 3580 1432 3635 hoc
1452 3581 1507 3635 du-

297 3652 340 3706 ita
354 3650 426 3705 velle
442 3648 493 3705 sed
511 3652 588 3703 recte
599 3649 685 3703 etiam
695 3648 768 3705 velle
780 3654 873 3705 osten·
922 3651 1005 3715 bites,
1031 3652 1175 3707 amborum
1200 3651 1312 3707 foedere
1329 3654 1408 3705 certo
1430 3652 1506 3706 Con-

297 3724 390 3776 datur.
437 3720 509 3775 Nam
531 3720 644 3775 Iustitia
660 3720 813 3776 Parcarum
830 3738 873 3775 so·
923 3720 1028 3777 sentire
1045 3720 1106 3777 dies
1125 3728 1154 3776 et
1171 3722 1207 3777 ab
1225 3740 1281 3778 uno
1305 3721 1397 3777 sidere
1423 3722 1504 3779 duci.

297 3810 346 3849 ror
371 3799 423 3846 eat.
451 3824 483 3833 -
532 3790 707 3861 tacitumque]
733 3790 776 3845 De
800 3797 872 3861 part
923 3792 1027 3847 Nostra
1038 3792 1204 3863 velaequali
1216 3792 1361 3864 suspendit
1370 3798 1507 3863 tempora

298 3884 348 3934 quc
366 3864 430 3918 vide
447 3863 485 3917 ud
504 3814 594 3917 Cama
609 3860 645 3926 ΙΙ,
660 3866 685 3926 7,
703 3866 746 3917 25.
770 3892 798 3902 -
820 3868 873 3919 Seu
923 3862 1011 3919 Libra
1035 3864 1124 3919 Parca
1142 3866 1227 3919 tenax
1254 3865 1323 3931 veri,
1353 3882 1404 3917 seu
1434 3870 1508 3919 nata

299 3938 383 3990 Libra
399 3934 466 4003 cet]
488 3933 637 3987 Horatium
653 3950 737 4001 quarn
756 3950 814 3987 non
827 3933 874 3989 de·
925 3934 1054 3989 fidelibus
1080 3935 1150 3990 hora
1176 3934 1285 3991 Dividit
1308 3936 1337 3989 iu
1367 3936 1508 3991 Geminos

298 4006 375 4061 ditus
403 4006 443 4059 sit
469 4004 730 4058 mathematicorum
757 4004 872 4075 ineptiis
925 4006 1144 4061 concor-dissuta
1153 4005 1508 4077 dirorum,Saturnumque

297 4077 423 4132 earmina
441 4076 463 4139 Ι,
487 4080 518 4129 ll
537 4074 670 4131 ostendit.
718 4074 810 4142 Quare
827 4076 873 4131 hie
947 4094 1038 4133 ruvem
1057 4080 1153 4131 nostro
1170 4076 1236 4133 Iove
1254 4076 1410 4149 frangimus
1436 4096 1507 4147 una,

298 4166 410 4218 quoque
428 4148 500 4202 bene
519 4150 668 4202 constans:
693 4163 874 4216 quaecunque
924 4094 1138 4217 Cosciouuod,
1166 4152 1243 4203 certe
1267 4154 1319 4216 est,
1349 4148 1426 4219 quod
1459 4168 1508 4205 me

297 4224 349 4284 est,
369 4219 469 4288 inquit,
488 4219 707 4289 genituram,
732 4218 874 4285 quodcun-
925 4220 978 4274 tibi
997 4224 1136 4289 temperat
1157 4222 1290 4273 astrum:

299 4307 353 4361 que
371 4296 479 4344 astrum
499 4288 588 4343 natali
605 4305 668 4342 maa
687 4288 758 4342 hora
774 4306 874 4359 regna·
960 4290 991 4345 V.
1004 4293 1045 4344 19.
1072 4303 1203 4360 tyrannus
1223 4295 1301 4359 Hesp.
1321 4290 1420 4359 usuca]
1453 4292 1508 4345 Ca·

298 4361 419 4429 vitshoc
438 4365 548 4415 certum
567 4364 619 4424 est,
647 4360 808 4413 consentire
827 4378 874 4415 no·
926 4360 1049 4430 pricorni
1069 4360 1188 4431 imperio
1200 4362 1328 4417 subiecta
1338 4368 1399 4417 erut
1408 4365 1509 4417 omnis

300 4438 361 4487 stra
378 4432 481 4498 sidera,
498 4432 518 4485 i.
537 4448 561 4486 e.
580 4437 681 4486 natura
699 4436 728 4485 et
747 4431 874 4487 moribus
924 4450 991 4502 pars
999 4432 1129 4503 Europae
1148 4432 1343 4502 occidentalir;
1361 4450 1452 4503 quare
1474 4436 1507 4489 in

301 4521 354 4558 uos
371 4503 528 4559 moussiae
541 4520 602 4558 esse
619 4501 792 4556 coniunctos.
811 4504 874 4558 Cre·
924 4506 995 4558 mari
1014 4503 1181 4559 occidentali
1198 4508 1381 4574 tempestates
1405 4523 1511 4561 move·

303 4574 442 4627 dabantur
461 4578 556 4628 autem
568 4574 624 4627 alia
635 4572 727 4626 sideru
738 4590 874 4643 prospera
924 4575 1014 4631 brt.-
1024 4574 1511 4647 flaturchDativuaconiungendus
