3125 5225
412 354 497 421 LIB.
522 356 548 421 I.
572 354 710 423 OARM.
732 354 821 423 VIII.
842 356 901 423 IX.

118 547 301 645 Sanguine
325 547 502 645 viperino
830 630 834 638 ‚

84 710 103 746 n
207 672 366 751 Cautius
392 673 488 748 vitat
513 696 639 771 neque
664 673 741 747 iem
766 670 889 747 livida
914 682 1039 769 gestat
1062 670 1178 745 armis

115 794 276 891 Brachia,
305 820 420 893 saepe
447 794 565 890 disco,

204 915 330 1019 Saepe
354 934 457 997 trans
482 920 597 997 finem
623 921 748 999 iaculo
774 921 917 997 nobilis
943 920 1150 1020 expedito?

114 1044 209 1136 Quid
229 1045 337 1141 latet,
364 1058 408 1119 ut
432 1047 602 1123 marinae

199 1170 344 1245 Filium
371 1168 504 1247 dicunt
529 1171 702 1248 Thetidis
724 1172 797 1247 sub
819 1172 1024 1248 lacrimosa
1046 1173 1184 1249 Troiae

82 1292 263 1388 lsl'unera,
292 1319 343 1370 ne
367 1293 491 1370 virilis

177 1416 341 1541 'Cultus
359 1418 400 1492 in
424 1419 581 1495 caedem
601 1434 639 1495 et
652 1420 790 1519 Lyciae
815 1421 1032 1519 proriperet
1058 1426 1252 1497 catervas?

604 1644 700 1653 ——n—

511 1832 699 1919 Gramen
725 1834 795 1917 IX.

197 1998 329 2093 Vides,
357 2008 399 2071 ut
424 1996 502 2073 alta
523 2010 598 2074 stet
617 1996 706 2073 nive
731 1996 939 2072 candidum

73 2220 144 2274 oneri
162 2224 283 2291 possent
303 2219 341 2275 ab
359 2219 533 2274 adversariis.
554 2248 584 2259 -
595 2224 628 2273 li·
679 2218 888 2290 conspicerent:
910 2219 1013 2283 »naen
1032 2219 1132 2288 inquit,
1146 2222 1251 2288 quanto

72 2292 118 2343 stis
134 2298 213 2345 amis
234 2290 363 2359 mactis]
390 2290 428 2345 Ut
454 2308 537 2345 crura
555 2306 629 2345 oom-
678 2307 751 2345 nunc
769 2290 876 2361 frigore
892 2306 1066 2373 prememur3
1083 2288 1149 2344 huic
1164 2288 1252 2359 igitur

72 2362 176 2431 podibus,
206 2363 326 2418 brachia
349 2362 457 2419 cetenis
483 2362 628 2429 livescunt,
677 2362 719 2415 rei
737 2362 816 2431 ligno
833 2362 938 2431 largius
956 2360 993 2416 ad
1010 2360 1103 2416 focum
1122 2359 1250 2431 apposito

72 2434 101 2486 sic
121 2450 263 2497 armorum,
294 2434 366 2487 disci
385 2433 524 2497 stimuli,
549 2434 628 2503 grani
677 2432 821 2500 consulam
848 2431 927 2487 vides
950 2433 1042 2497 etiam,
1069 2449 1153 2501 quam
1174 2447 1249 2485 nune

71 2504 172 2628 Eondere
190 2505 310 2560 brachia
327 2504 427 2559 lividae
438 2504 560 2560 maculas
570 2508 627 2567 tra,-
677 2503 807 2559 tristibus
826 2503 973 2559 sententiis
996 2504 1082 2559 etiam
1099 2502 1186 2557 animi
1202 2502 1251 2557 ed·

86 2594 114 2630 un

115 2581 179 2632 t-
203 2580 310 2634 Fs'ls'm
332 2576 459 2646 Ttstr'slic]
479 2574 627 2642 Achillem,
677 2576 861 2646 stringantur,
880 2574 980 2646 quibus
998 2592 1085 2646 aeque
1100 2572 1251 2646 providen-

70 2648 133 2716 quis
150 2655 244 2712 matre,
264 2647 507 2722 need'l'roianum
519 2646 627 2702 bellum
677 2647 744 2702 dum
767 2654 812 2701 est
828 2646 981 2716 vinicopia
989 2647 1246 2703 liberalitsreucta
1297 2646 1300 2650 ’

70 2718 189 2786 proiectus
213 2719 336 2790 periret,
363 2719 393 2773 in
410 2718 527 2788 Scyrum
552 2722 626 2773 iusu-
676 2718 795 2787 Reliqua
823 2717 918 2772 omnia
948 2719 1151 2787 qualiacunque
1184 2722 1251 2772 sunt

70 2791 111 2844 lan
132 2792 164 2845 sd
184 2791 376 2862 Lycomedem
402 2807 498 2860 regem
525 2789 626 2844 missus
676 2805 751 2844 nuno
770 2805 822 2843 nos
840 2789 994 2854 mittamus,
1012 2789 1250 2857 frnamnrqnibns

69 2867 109 2926 cst,
131 2863 175 2916 ubi
198 2863 277 2918 inter
306 2861 378 2916 filias
397 2861 472 2930 regis
497 2861 625 2916 muliebri
675 2877 824 2930 possumus
841 2860 905 2926 frui
925 2860 1076 2925 amoribus,
1095 2859 1251 2915 saltationi·

68 2935 128 2986 reste
144 2938 233 2989 tectus
250 2933 349 2998 latuit,
362 2932 549 2988 donchllxis
560 2931 625 2987 dolo
675 2933 737 2996 bus,
755 2931 870 2985 lusibus.
892 2931 963 2986 Nam
984 2947 1054 3000 qnae
1064 2929 1249 3003 reliqnasunt

68 3007 146 3072 ceptus
162 3007 253 3060 sirum
267 3023 301 3059 se
312 3021 374 3060 esse
391 3003 525 3074 prodidit.
545 3003 624 3058 ovid.
675 3003 787 3057 etiamsi
805 3003 900 3058 omnia
917 3020 953 3057 ex
965 3003 1111 3057 voluntate
1129 3019 1186 3057 non
1203 3018 1250 3056 oe·

68 3073 119 3128 llet
136 3075 206 3141 XIII,
228 3079 281 3132 163
303 3093 364 3162 sqq.
388 3105 419 3114 -
452 3079 550 3147 Lycias
580 3096 625 3130 cu·
674 3074 753 3142 dant,
773 3078 867 3128 temen
888 3091 933 3129 res
953 3079 1068 3130 nostrae
1087 3089 1170 3128 onrae
1184 3075 1251 3127 sunt

70 3149 148 3218 rmus]
166 3147 244 3218 Lycii
263 3147 453 3203 Troianorum
474 3147 544 3201 socii
564 3147 625 3201 fue·
674 3145 737 3210 diis,
759 3145 808 3214 qui
824 3149 857 3200 nt
866 3148 1050 3215 tempestates
1062 3161 1160 3199 sereno
1170 3145 1249 3199 coelo

68 3221 119 3270 runt
132 3219 293 3290 Sarpedone
318 3225 347 3273 et
367 3219 471 3273 Glauco
496 3219 623 3274 ducibus.
673 3215 805 3288 mitigare
823 3215 924 3285 solent,
943 3216 984 3270 sie
1002 3217 1103 3285 quibus
1121 3231 1174 3270 nos
1190 3231 1249 3270 mo·

70 3285 132 3343 Hom.
147 3289 177 3345 ss.
195 3291 230 3356 II,
252 3293 318 3346 876.
364 3289 407 3343 De
432 3289 571 3362 particula
599 3303 623 3345 et
674 3305 772 3342 remur
794 3287 869 3341 euris
894 3305 941 3342 eae
959 3305 1069 3357 quoque
1087 3286 1246 3342 delebunt«

68 3357 116 3412 ride
131 3361 164 3415 ed
178 3361 202 3428 I,
221 3365 249 3430 3,
271 3363 313 3418 19.
674 3359 745 3414 Aliis
765 3361 939 3413 Thaliarche
965 3363 1009 3413 eet
1031 3357 1129 3413 fletum
1146 3375 1248 3414 nomen

674 3431 777 3485 sodalis
798 3429 922 3484 alicuius.
951 3427 1081 3485 imitatus
1099 3433 1144 3484 est
1160 3430 1249 3484 Hora·

124 3567 129 3576 Ι
673 3501 730 3555 lius
760 3504 889 3556 Alcaeum
915 3499 1116 3571 (Schneidewin
1139 3499 1199 3555 Del.
1219 3519 1247 3574 p.

94 3564 157 3620 orm
174 3585 239 3624 cnm
259 3569 397 3624 Horatius
418 3586 481 3625 cnm
498 3569 559 3624 aliis
578 3587 624 3624 as·
662 3575 750 3640 ,273)ε
783 3567 857 3626 »Ὗει
877 3572 934 3646 μὲν
952 3571 968 3626 ὁ
987 3567 1064 3640 Ζεύς,
1089 3573 1121 3626 ἐκ
1139 3572 1166 3625 δ’
1184 3568 1248 3646 ὀρα-

69 3639 113 3716 ttle
129 3643 155 3692 et
171 3641 266 3695 animo
291 3641 450 3696 coniunctis
475 3639 622 3695 iuvenibus
673 3645 711 3698 νιό
746 3649 837 3716 μέγας
866 3641 995 3715 xtende,
1029 3639 1192 3714 πεπάγασιν
1222 3644 1248 3697 δ’

68 3703 174 3764 liariter
197 3711 379 3782 epularetur,
415 3712 489 3767 forte
517 3711 622 3766 Iactum
672 3710 780 3770 ὑδάτων
799 3717 868 3786 ῥοαί.
894 3710 1038 3784 lineolis
1055 3711 1105 3769 sir
1143 3717 1246 3787 ειμῶν’,

69 3791 114 3830 esce
138 3781 263 3847 ridetur,
298 3787 331 3838 ut
360 3787 458 3854 gratam
485 3783 621 3838 sodalium
671 3787 718 3842 ἐπὶ
740 3788 797 3858 μὲν
822 3790 906 3845 τιθεὶς
927 3788 1005 3857 Πῦρ,
1036 3789 1067 3842 ἐν
1095 3735 1249 3858 eisteten

69 3863 139 3930 tagre
155 3855 184 3906 ct
199 3853 342 3924 colloquia
359 3855 395 3908 ed
413 3855 500 3909 serias
513 3871 566 3920 res,
586 3854 622 3909 ad
671 3857 747 3912 elren
764 3854 903 3930 ἀφειδέως
918 3853 1069 3930 Μελιχρόν,
1088 3853 1173 3927 αὐτὰρ
1194 3855 1248 3929 ἀμ·

69 3923 215 3988 reipublicae
233 3925 349 3979 tristem
375 3925 568 3982 condicionem
592 3929 622 3980 et
672 3933 706 4002 φὶ
722 3923 811 4000 κόρσᾳ
821 3926 982 3984 Μαλιακὸν
1000 3927 1170 4002 ἀμφψίθει]
1183 3925 1248 3999 γνό-

69 3989 94 4041 td
115 3992 263 4080 futurarum
292 4011 386 4051 rernm
414 3996 545 4052 miseram
572 4015 621 4052 ex-
671 4003 802 4074 apollon«
820 4031 855 4042 -
881 3999 980 4055 Totius
996 4001 1127 4056 carminis
1145 4007 1248 4056 natura

69 4069 247 4130 tpoctntronem
265 4067 438 4150 aberrarent.
459 4067 621 4152 Quodnam
672 4071 787 4127 suadere
805 4071 932 4136 videtur,
974 4077 1007 4126 ut
1033 4089 1145 4127 carmen
1172 4073 1246 4127 hsud

69 4137 621 4284 tllrnllltlsnlll’rlt
671 4142 1247 4286 lt„.llllnl‘lllttlllmlll:

70 4279 167 4354 rutrum
177 4297 292 4344 menes,
308 4285 341 4335 nt
358 4281 460 4350 quibus
477 4287 546 4338 tuuc
563 4299 620 4337 nra·
670 4286 735 4341 (lem
759 4286 821 4340 iere
846 4291 973 4356 tempore
1001 4303 1055 4356 quo
1083 4285 1174 4355 Epod.
1200 4289 1242 4353 13,

70 4361 156 4402 nnec
225 4354 304 4406 esset
320 4351 405 4407 rebus
421 4353 556 4409 maiorem
574 4369 620 4408 on·
670 4357 744 4428 quod
762 4373 876 4412 carmen
898 4356 965 4413 huic
991 4360 1021 4412 et
1046 4373 1079 4412 re
1104 4360 1134 4412 et
1153 4358 1245 4414 verbis

71 4431 127 4502 titt¹
190 4423 291 4477 'beret
334 4423 393 4477 Iam
424 4438 487 4478 oum
512 4425 619 4497 frigore
669 4427 842 4484 simillimum
859 4431 912 4483 est.

72 4503 144 4572 omma
166 4498 313 4548 contracta
335 4495 469 4565 figerent,
499 4513 617 4567 cumque
704 4499 738 4556 V.
753 4503 776 4554 1.
802 4499 864 4570 stet]
891 4499 971 4555 Stare
989 4516 1034 4555 res
1051 4498 1126 4570 apud
1144 4503 1244 4568 poetas

71 4573 179 4642 munnae
205 4563 247 4619 ita
276 4566 488 4632 accumberent,
521 4573 555 4623 nt
581 4585 636 4628 ex.
667 4571 809 4637 (licuntur,
828 4587 899 4640 quoe
916 4571 958 4625 its
975 4573 1076 4642 operta
1091 4571 1243 4639 etoppleta

71 4631 170 4714 tnclrnio
184 4633 305 4692 Soracte
321 4641 444 4692 montem
467 4639 495 4694 in
514 4637 616 4694 finibus
667 4645 732 4698 suut
751 4646 783 4698 ut
800 4643 908 4697 moveri
925 4642 980 4696 iam
997 4642 1182 4712 nonpossint.
1202 4641 1238 4696 cf.

72 4699 216 4762 Pthrcornm
246 4709 313 4764 nive
342 4710 375 4762 et
398 4709 484 4781 glaeie
509 4717 616 4767 tectum
666 4713 742 4787 vlrg.
763 4715 833 4770 Aen
844 4714 890 4780 vl,
909 4715 969 4770 300.
989 4713 1049 4780 x11,
1071 4717 1131 4770 408.
1162 4711 1240 4766 Clau·

226 3474 377 3530 Carmen
396 3473 443 3528 IX.
