3125 5225
454 222 542 288 LIB.
560 220 587 287 Ι.
610 220 750 289 onitu.
773 220 816 287 V.
837 219 900 286 VI.

276 408 416 483 Votiva
441 408 567 506 paries
592 409 738 485 indicat
767 406 885 481 uvida

236 568 262 607 ιι
327 533 581 631 Suspendissc
604 534 752 635 potenti

373 657 612 735 Vestimenta
638 660 753 735 maris
786 656 871 732 deo.

630 854 729 864 ¹1—-

530 992 721 1087 Os'snsu
752 1000 819 1084 vl.

229 1162 417 1239 Scriberis
439 1164 560 1240 Vario
587 1164 696 1239 fortis
722 1176 760 1238 et
784 1162 951 1236 hostium

228 1288 363 1365 Victor
385 1290 555 1367 Maeonii
581 1288 758 1365 carminis
787 1288 888 1383 alite,

170 1514 174 1525 η
226 1412 460 1507 Quamnam
489 1440 639 1515 cunque
665 1415 774 1489 ferox
800 1412 960 1488 navibus
986 1425 1051 1487 aut
1076 1416 1184 1515 equis

275 1540 388 1617 Miles
413 1554 452 1615 to
478 1540 577 1637 duce
601 1540 770 1640 gesserit.

196 1690 320 1785 sNos,
347 1689 535 1789 Agrippa,
563 1714 687 1788 nsque
713 1688 808 1763 haec
834 1687 963 1764 dicere
987 1712 1059 1763 nec
1072 1712 1229 1785 gravem

82 1912 254 1977 uestimenta,
280 1911 462 1981 quibuscum
479 1910 579 1965 naufra
600 1911 657 1963 'um
741 1907 775 1963 V.
787 1912 809 1962 1.
835 1909 928 1977 Vario]
947 1907 979 1961 L.
989 1907 1099 1970 Varius,
1118 1910 1204 1975 poeta
1222 1907 1280 1977 opi·

79 1988 247 2051 paterentur
265 1988 349 2037 crant
365 1983 467 2047 induti,
478 1999 581 2053 suspau
601 2000 655 2036 ere.
707 1996 756 2034 oua
774 1982 804 2034 et
819 1980 955 2049 tragicus,
972 1982 1056 2033 natus
1071 1978 1149 2032 circa
1166 1996 1191 2032 a.
1208 1997 1234 2032 u.
1253 1996 1278 2033 c.

78 2054 110 2108 es.
123 2054 180 2109 Sat
190 2054 229 2119 ll,
243 2058 268 2119 1,
281 2058 326 2109 33.
349 2054 384 2108 A.
395 2052 426 2108 P.
438 2058 480 2108 20.
500 2052 656 2125 Virg.Aau.
707 2052 769 2119 672,
787 2051 892 2105 amicus
910 2049 965 2104 luit
981 2048 1095 2119 Virgilii
1111 2054 1141 2103 st
1153 2050 1278 2117 Horatii,

75 2125 136 2188 XII,
153 2128 220 2180 766.
707 2122 833 2176 carmina
852 2121 1011 2190 composuit
1028 2122 1063 2174 de
1080 2125 1172 2174 morta
1183 2122 1281 2176 Gaesa-

260 2238 407 2293 Carmen
427 2236 466 2293 Ἦ
707 2194 746 2247 ris
765 2198 796 2247 et
816 2192 852 2246 de
869 2192 999 2247 laudibus
1007 2192 1161 2260 Octaviani,
1178 2192 1281 2247 deinde

707 2263 882 2333 tragoediam
906 2264 1020 2334 scripsit
1043 2262 1198 2331 Thyestem
1225 2266 1282 2317 Au·

109 2331 265 2387 Generalis
291 2334 440 2397 sententia,
466 2349 501 2385 ex
519 2348 574 2401 qua
596 2336 658 2385 tota

708 2338 792 2403 gusto
803 2335 916 2389 iubente
925 2336 977 2389 Vir
999 2334 1039 2387 'lii
1051 2335 1156 2388 mortui
1172 2340 1208 2400 (a
1219 2334 1284 2404 755)

71 2400 143 2458 haec
163 2403 206 2458 M.
227 2402 358 2473 Vipsanii
374 2404 517 2475 Agrippae
535 2402 658 2457 laudatio
708 2405 863 2460 Aeneidem
887 2422 952 2459 cum
995 2406 1064 2459 lotio
1082 2406 1174 2460 Tucca
1191 2422 1284 2460 emcn-

73 2472 202 2542 dueitur,
228 2474 300 2529 haec
323 2478 380 2529 est:
404 2497 457 2531 ssoss
484 2480 572 2530 omnia
598 2494 657 2545 pos·

709 2476 799 2545 davit3
821 2481 949 2531 mortuus
968 2478 1029 2545 ipse
1044 2470 1157 2530 'videtur
1174 2481 1240 2531 aute
1258 2494 1284 2530 a.

75 2566 167 2599 sanas
191 2566 284 2601 casm
303 2546 347 2601 vel
365 2550 509 2615 sitandan,
528 2547 592 2618 quid
611 2548 659 2599 tu·
709 2550 769 2601 744.
788 2548 907 2603 Praeter
926 2564 1030 2619 pausos
1044 2564 1142 2602 vorsus
1161 2548 1233 2601 nihil
1249 2565 1285 2602 ex

75 2625 141 2670 sen·
164 2624 263 2687 serant
281 2621 346 2689 qaid
363 2624 437 2687 [cass
455 2628 587 2672 recusant.
605 2615 659 2672 Est

709 2618 769 2674 eius
788 2620 959 2674 carminibus
977 2620 1060 2675 uobis
1083 2620 1213 2674 relictum
1231 2624 1284 2674 ast.

74 2688 149 2742 enim
160 2704 280 2744 armon
290 2689 333 2743 ita
341 2689 512 2752 institutum,
522 2691 555 2742 ut
564 2692 658 2758 poeta,

71 2761 659 2914 cunctiscunctis:

72 2919 153 2956 arara
172 2903 269 2973 Agrip
289 2919 322 2956 ac
352 2902 479 2958 facinora
500 2919 564 2956 cum
586 2903 659 2956 snti-

69 2974 134 3041 quis
162 2973 245 3044 apud
299 2991 424 3028 umerum
446 2974 516 3028 siris
535 2973 658 3028 fortibus

67 3053 243 3116 comparata
262 3061 372 3100 surnma
389 3062 444 3114 qua
459 3047 488 3098 in
497 3045 583 3114 lyrico
597 3061 658 3098 car·

67 3117 169 3242 fpugn-cm
168 3117 268 3187 possit
283 3115 349 3241 lierit
357 3117 437 3240 Ιειιὲἰρ
448 3120 525 3241 13010
543 3119 586 3239 opt
590 3117 658 3240 attii

188 3203 356 3242 oxomsrs.
415 3205 459 3240 ms
481 3203 558 3241 ema
587 3203 645 3240 iss

69 3259 269 3313 simulationis
288 3258 344 3312 alia
353 3256 481 3327 exempla
491 3263 555 3312 suut
566 3257 656 3312 Carm.

67 3327 103 3393 11,
128 3335 172 3384 12.
205 3329 256 3393 IV,
278 3333 320 3384 15.
350 3330 382 3383 ln
400 3347 455 3399 qua
471 3345 503 3382 rs
520 3329 594 3384 bunc
612 3345 658 3383 or·

67 3399 169 3456 dinem
208 3400 294 3454 nobis
333 3401 482 3454 observare
513 3401 657 3455 videmur:

68 3471 166 3526 medin
192 3471 314 3541 stropha
340 3471 521 3540 principalem
547 3476 657 3525 seuten-

70 3545 143 3596 t'nm
164 3543 259 3597 babet
278 3543 421 3611 utrimque
437 3542 530 3596 cincta
548 3543 655 3596 duabus

70 3615 214 3684 strophis,
234 3631 352 3682 quarum
372 3613 483 3682 quidem
500 3618 533 3668 ut
544 3619 657 3682 ·quarta

72 3687 158 3740 alteri
181 3683 347 3755 respondet,
360 3725 363 3728 -
376 3685 417 3738 sic
441 3685 539 3754 quinta
556 3689 657 3740 contra

77 3759 200 3826 primam
229 3757 325 3826 posita
352 3755 420 3824 quid
446 3755 519 3810 inter
546 3759 656 3825 epicum

75 3835 191 3896 ροεὲιιιιι
208 3828 381 3883 discriminis
399 3827 512 3882 intersit
530 3829 658 3881 stHora·

77 3901 184 3954 tianam
203 3899 295 3972 lyram
317 3901 410 3953 iocose
424 3914 512 3968 prope
524 3897 656 3952 ostendit.

79 3972 184 4026 -itou
199 3977 299 4042 potest
318 3969 377 4024 dici
395 3967 431 4024 ad
452 3985 533 4036 quem
555 3985 658 4022 annum

80 4059 186 4099 sarman
210 4041 395 4098 referendum
421 4041 468 4102 sit,
493 4057 659 4110 quamquam

84 4114 145 4170 llud
162 4117 222 4172 veri
243 4113 340 4170 simila
360 4118 412 4175 ast,
430 4111 505 4166 baud
516 4113 557 4165 ita
568 4112 658 4166 multo

81 4193 138 4254 post
153 4187 305 4243 uictoriam
318 4184 467 4239 Actiacam
481 4184 586 4251 optimo
599 4183 659 4236 lau·

83 4257 123 4313 dm
141 4261 293 4332 Agrippae
320 4253 443 4312 victoris
466 4254 550 4308 scribi
576 4262 660 4324 potu·

81 4331 137 4396 isse,
168 4339 199 4389 et
226 4333 346 4389 certum
384 4325 513 4388 videtur,
546 4342 658 4380 carmen

118 4406 123 4416 '
248 4419 316 4460 esse
350 4402 421 4452 ants
451 4411 476 4449 a.
511 4399 572 4461 727,
603 4413 659 4466 quo

75 4447 232 4537 &maianus
267 4475 399 4545 Augusta·
438 4467 548 4522 uomina
577 4484 658 4524 orna-

71 4564 106 4609 m
122 4561 171 4614 est.

95 4674 186 4716 gemm
200 4669 237 4710 d·
254 4657 422 4708 Dfflmbnmr
438 4649 470 4689 ad.
485 4651 507 4688 V.

709 2721 742 2730 -
772 2695 893 2745 Maeonii
916 2691 1061 2761 carminis]
1088 2691 1242 2757 Homerici,
1267 2708 1285 2746 a

707 2762 802 2832 patria
821 2762 936 2816 Homeri
953 2763 1079 2831 Smyrna,
1098 2761 1243 2818 Maeonias
1262 2781 1283 2816 s.

708 2833 814 2902 Lydiae
831 2834 911 2888 urba.
940 2863 976 2874 --
1002 2833 1082 2904 altre]
1103 2849 1200 2902 mono,
1220 2834 1238 2885 i.
1256 2849 1281 2886 s.

708 2910 801 2973 poeta,
827 2904 863 2959 ci
887 2905 977 2958 Germ.
989 2903 1035 2967 IV,
1049 2908 1074 2967 2,
1087 2907 1129 2958 26.
1173 2904 1283 2958 Ablati·

707 2993 757 3028 vus
784 2976 814 3028 in
841 2976 971 3029 omnibus
1000 2974 1144 3030 codicibus
1169 2974 1282 3046 legitur.

708 3046 793 3100 Cuius
824 3047 1044 3100 constructionis
1071 3046 1199 3116 exempla
1227 3063 1285 3100 non

707 3116 781 3186 apud
800 3117 951 3171 Horatium
978 3118 1068 3170 solum
1093 3117 1143 3172 sed
1170 3116 1283 3172 omnino

705 3188 849 3242 rarissima
868 3192 943 3242 sunt.
990 3187 1062 3242 Vide
1079 3192 1172 3242 tamen
1189 3188 1283 3258 Epist.

708 3259 823 3322 1,1,94:
846 3262 976 3313 »curatus
994 3258 1134 3327 inaequali
1149 3263 1282 3314 tonsore«

707 3334 735 3383 ct
756 3330 813 3383 Sat
825 3331 893 3395 11,1‚
906 3333 955 3384 84:
977 3329 1122 3384 »laudatus
1139 3330 1282 3384 Caesares

706 3399 799 3466 Quare
818 3419 876 3455 non
895 3417 966 3470 opus
978 3405 1023 3454 cst
1033 3402 1197 3456 coniectura
1208 3405 1283 3469 ctist,

705 3475 739 3524 ut
753 3471 879 3526 dativum
898 3471 1048 3526 habeamus
1057 3490 1110 3542 pro
1123 3473 1210 3527 ablat.
1221 3488 1285 3526 oum

705 3544 913 3612 siraepositione
931 3547 973 3598 ab.
992 3573 1026 3582 -
1046 3564 1124 3613 qaum
1143 3564 1200 3597 resa
1219 3565 1282 3599 cass·

705 3614 766 3736 pus]
785 3613 822 3668 de
840 3613 922 3668 tmesi
946 3613 982 3668 oi.
1000 3613 1022 3676 l,
1042 3617 1067 3675 7,
1084 3616 1126 3669 25.
1151 3614 1172 3678 I,
1195 3617 1222 3681 9,
1243 3616 1284 3670 ll.

720 3725 726 3748 ‚
748 3688 791 3748 16,
810 3689 835 3738 2.
862 3685 884 3749 l,
903 3687 946 3749 27,
969 3688 1011 3752 14,
1030 3689 1060 3738 et
1091 3685 1181 3740 Carni.
1199 3685 1222 3749 l,
1243 3687 1284 3751 17,

708 3758 749 3809 10.
776 3755 798 3819 Ι,
817 3760 860 3823 21,
877 3759 903 3810 6.
919 3756 942 3818 1,
959 3759 1002 3820 28,
1021 3759 1064 3810 25.
1102 3756 1232 3812 Ceterum
1252 3759 1283 3809 in

705 3826 747 3880 hle
773 3831 901 3881 scriberis
922 3845 1101 3897 quamcumque
1123 3847 1180 3882 sest
1204 3832 1282 3882 ms'tss

707 3904 824 3968 passeris
841 3897 1021 3952 attractionis
1047 3897 1188 3967 quoddam
1215 3897 1283 3953 hbu-

707 3969 766 4022 rius
785 3985 873 4038 genus
889 3973 943 4033 est,
973 3970 1050 4037 quod
1066 3970 1107 4024 sic
1124 3970 1281 4040 inteiligas:

708 4042 836 4095 scribaris
857 4051 882 4094 st
898 4043 1037 4095 scribetur.
1059 4040 1205 4094 Bentlcius
1217 4041 1284 4095 scri·

709 4109 766 4179 psit
777 4115 837 4177 Qua
847 4130 903 4165 rasa
915 4131 1025 4181 wnqna,
1043 4128 1079 4164 ue
1089 4117 1174 4180 pocta
1182 4111 1284 4182 Agrip·

708 4199 773 4250 pam
797 4181 959 4251 vituperare
992 4199 1038 4235 ma
1059 4183 1082 4236 's
1112 4199 1195 4252 quam
1224 4183 1285 4236 lau·

707 4253 775 4307 darc
795 4252 946 4308 videretur.
970 4253 1039 4320 »Qui
1070 4254 1163 4307 euim?
1181 4253 1280 4323 inquit,

708 4341 743 4378 an
759 4341 953 4394 quamcunque
973 4341 1034 4378 rem
1053 4325 1173 4395 gesserit
1180 4325 1283 4394 Aprip·

708 4413 754 4464 pa,
779 4396 838 4451 sive
863 4396 1033 4451 mediocrem
1058 4397 1119 4450 sirs
1136 4397 1283 4451 leviculum

708 4473 738 4522 et
754 4468 861 4522 nullius
879 4467 1023 4531 momenti,
1053 4466 1172 4537 dignum
1190 4467 1282 4522 blaco-

708 4538 755 4594 nio
780 4540 904 4594 carmine
923 4542 1119 4609 argumentum
1145 4539 1221 4593 erit?
1248 4556 1285 4593 au

1068 4643 1088 4698 4
