3125 5225
487 332 634 401 LIBER.
662 330 802 400 GARM.
823 329 864 396 V.

234 561 259 600 a
279 524 387 619 Quae
408 524 536 601 sidera
562 536 760 601 excantata
787 546 880 595 voce
905 513 1087 594 Thessala

373 650 602 749 Lunamque
628 646 736 723 coelo
763 644 916 743 deripit.

276 773 353 847 Hie
378 774 601 847 irreseounm
625 795 739 846 saeva
761 768 876 843 dente
898 762 1019 839 livido

375 897 566 977 Candidis
592 894 732 971 rodens
756 892 937 991 pollicem

161 1086 165 1098 .
276 1024 381 1117 Quid
408 1024 505 1100 dixit
529 1037 595 1100 aut
622 1022 715 1123 quid
738 1019 882 1095 tacuit?
929 1013 1103 1093 Orebus
1128 1006 1223 1083 meis

233 1180 260 1221 n
375 1148 462 1224 Non
491 1146 663 1223 infideles
689 1143 855 1229 arbitrae

273 1273 358 1349 Nox
385 1287 422 1349 et
444 1274 580 1368 Diana,
608 1293 707 1370 quae
730 1266 923 1343 silentium
949 1262 1061 1361 regis,

373 1395 528 1473 Arcana
554 1422 641 1471 oum
666 1394 763 1469 fiunt
789 1416 906 1483 saera,

277 1522 390 1597 Nune
415 1547 518 1597 nune
543 1520 683 1613 adeste,
710 1542 813 1591 nuno
837 1517 878 1591 in
903 1510 1060 1587 hostiles
1089 1508 1223 1585 domos

373 1646 474 1721 Iram
498 1659 613 1743 atque
638 1668 779 1717 numen
805 1636 961 1715 vertitel

233 1802 259 1841 n
278 1768 554 1845 Formidolosis
577 1768 669 1843 dum
693 1766 814 1842 latent
839 1764 943 1839 silvis
975 1761 1079 1849 ferae

376 1892 489 1967 Duloi
515 1918 654 1989 sopore
678 1888 898 1988 languidae,

280 2018 430 2115 Senem,
459 2018 564 2117 quod
591 2042 721 2091 omnes
749 2016 908 2109 rideant,
937 2013 1152 2089 adulterum

376 2142 534 2217 Latrent
555 2142 779 2219 Suburanae
802 2164 914 2216 osnes

271 2266 405 2342 Nardo
431 2279 670 2366 perunctum,
698 2265 812 2365 quale
837 2288 917 2337 non
944 2260 1149 2359 perfectius

230 2429 257 2466 n
374 2394 486 2468 Meae
510 2390 722 2465 laborarint
746 2414 893 2465 manus.

280 2516 387 2609 Quid
412 2514 576 2591 accidit?
603 2518 690 2595 Cur·
707 2514 792 2589 dira
816 2514 1002 2589 barbarae
1026 2509 1151 2584 minus

373 2642 534 2718 Venena
558 2640 720 2717 Medeae
744 2640 900 2716 valent?
933 2721 936 2733 ,

277 2767 429 2859 Quibus
455 2767 659 2864 superbam
686 2765 788 2863 fugit
813 2765 892 2840 ulta
916 2763 1105 2863 pellicem,

374 2890 508 2988 Magni
535 2891 711 2969 Creontis
735 2889 865 2986 filiam,

228 3051 255 3089 a
276 3017 375 3094 Cum
401 3014 516 3113 palla,
539 3016 628 3090 tabo
655 3041 792 3089 munus
818 3015 1017 3110 imbutum,
1045 3037 1182 3086 novam

92 3243 152 3311 tata]
170 3243 263 3316 Epod.
276 3249 321 3313 17,
332 3248 357 3299 4.
403 3244 651 3316 Vlrg.Buc.8,69.
701 3245 735 3302 ln
759 3246 821 3302 aliis
846 3246 926 3301 codd.
954 3249 998 3301 est
1017 3247 1217 3314 formidolosae.
1239 3275 1271 3284 -

90 3311 185 3398 Platon.
203 3318 295 3388 Gorg.
313 3334 342 3386 p.
355 3319 418 3372 513.
435 3317 484 3372 A:
522 3315 585 3377 nbc
602 3316 652 3385 τὴν
701 3317 871 3388 Suburanae]
899 3317 1007 3372 Subura
1025 3317 1104 3386 regio
1121 3315 1200 3371 urbis
1218 3315 1274 3372 aa·

86 3390 187 3453 σεληνην
201 3384 394 3458 manantibus
404 3385 453 3447 τὰς
463 3390 649 3449 Θετταλίδας.«
700 3406 770 3451 mae,
787 3389 835 3444 ubi
856 3387 1022 3444 habitabant
1039 3387 1198 3443 diffamatae
1215 3405 1274 3442 mu·

87 3453 120 3510 Ile
135 3476 201 3514 roes
219 3459 360 3515 Thosssls
378 3459 442 3514 vide
465 3460 501 3514 ad
520 3459 609 3515 Carm.
627 3461 650 3529 I,
701 3461 783 3516 lieres
808 3461 838 3514 in
855 3461 944 3530 iisque
964 3459 1086 3514 Canidia.
1107 3491 1138 3498 —
1160 3463 1271 3524 latrant]

84 3528 119 3589 27.
138 3532 181 3586 21.
200 3561 235 3572 ψ
255 3529 430 3599 mutatum]
460 3531 522 3586 Ilua
540 3549 650 3601 quoqne
700 3531 742 3587 Do
773 3531 934 3586 soonsativo
973 3531 1008 3587 ol.
1038 3529 1097 3586 sat.
1116 3530 1157 3596 ΙΙ,
1182 3535 1212 3594 1,
1229 3533 1272 3586 st.
1297 3535 1299 3538 ’

85 3595 165 3682 iuriis
182 3603 344 3673 proprium,
368 3602 457 3658 rabiei
474 3604 595 3673 signum.
614 3633 648 3643 -
699 3603 792 3673 Epist.
813 3603 835 3669 l,
856 3607 882 3668 2,
899 3606 942 3659 66.
980 3603 1070 3657 Plaut.
1092 3601 1175 3658 Poen
1195 3601 1228 3667 V,
1247 3604 1272 3668 4,

84 3669 164 3740 trado]
182 3678 213 3728 nt
232 3675 359 3730 vetulae.
377 3701 413 3712 -
431 3677 529 3741 tacuit]
556 3674 648 3745 Epist.
698 3677 747 3730 64:
770 3673 879 3728 »Etiam
896 3689 940 3728 me
957 3691 1035 3730 mese
1047 3675 1269 3729 lstrsntosnss.‹

84 3737 130 3806 bl,
139 3745 181 3798 72
356 3793 363 3806 ,
700 3775 729 3785 -
743 3746 908 3816 laborarint]
916 3745 958 3800 Ne
965 3745 1152 3816 antiquissimi
1160 3743 1272 3814 quidem

109 3811 139 3866 V.
148 3818 190 3869 51.
216 3815 329 3886 Diana]
347 3815 460 3872 necata.
501 3815 648 3880 Garmlll,
698 3814 810 3872 dedices
828 3819 1021 3886 consentiunt3
1046 3817 1094 3872 elii
1112 3820 1273 3872 laborarint.

82 3883 150 3938 224.
183 3885 280 3944 Sacris
301 3888 431 3944 omnibus
449 3885 561 3942 silentio
579 3904 648 3956 opus
698 3889 747 3943 alii
766 3892 922 3942 laborarunt
942 3888 1082 3944 exhibent.
1113 3885 1273 3944 Coniuncti-

81 3961 122 4016 αἱ,
147 3957 231 4012 stiam
257 3958 386 4028 magieis.
408 3989 441 3998 -
466 3961 579 4012 hostiles
605 3961 649 4011 do·
698 3978 750 4016 vus
768 3960 931 4029 potentialis
949 3960 1061 4014 videtur
1074 3965 1267 4030 praestare.-

83 4027 137 4095 ιη]
160 4046 259 4084 eornm
279 4047 352 4098 quae
371 4029 511 4086 varuma
534 4029 648 4084 Canidia
698 4033 819 4098 Medeae]
839 4031 943 4085 lisdem
961 4049 990 4086 ss
1030 4031 1148 4086 loriatul
1166 4031 1208 4084 uti
1226 4047 1272 4086 ve-

81 4094 109 4150 td
124 4115 152 4152 se
178 4099 376 4156 detraxerant.
398 4131 429 4139 -
447 4103 645 4169 formidolosis]
698 4103 787 4168 nonis,
809 4103 908 4172 quibus
928 4103 992 4158 olim
1041 4103 1109 4157 edos
1127 4119 1178 4156 uss
1196 4105 1271 4171 srat3

80 4165 159 4224 Habet
181 4171 209 4226 la
229 4191 257 4227 v.
289 4175 321 4225 et
348 4171 468 4226 setinum
487 4175 516 4226 st
536 4176 649 4226 neutra·
698 4177 784 4227 minas
804 4174 890 4242 igitur
910 4174 983 4228 idem
1008 4174 1082 4243 quod
1102 4195 1164 4241 aon,
1190 4177 1269 4237 nibil,

80 4235 124 4321 lam
140 4241 396 4313 significationem:
415 4242 464 4298 illa
475 4248 648 4313 oumaperta
697 4245 752 4311 vel,
772 4245 797 4298 si
814 4246 915 4314 placet,
934 4253 1022 4301 minas
1041 4265 1120 4315 qaam
1139 4247 1221 4298 alias.
1234 4273 1269 4285 -

80 4315 109 4364 ut
130 4311 218 4369 altero
244 4315 313 4370 loeo
338 4313 493 4369 Horatiano
517 4331 574 4383 quo
600 4332 647 4368 vo·
697 4317 847 4386 tapes-bam]
882 4317 988 4371 Iasonis
1015 4333 1111 4370 amore
1137 4331 1270 4384 arrogan-

79 4381 195 4440 ubuum
223 4385 343 4456 legitur,
376 4385 466 4440 carm.
485 4384 583 4452 11‚.17‚
604 4388 644 4440 18.
696 4392 741 4442 ter
769 4386 946 4457 gloriantem.
1000 4386 1045 4442 Sio
1081 4387 1110 4440 in
1141 4387 1270 4441 omnibus

78 4455 185 4533 pusioli
214 4457 292 4512 bano
315 4456 569 4512 vetustissimorum
599 4466 650 4511 oo:
694 4457 776 4513 oodd.
796 4459 909 4528 Elsnd.;
928 4459 977 4514 olii
996 4461 1119 4529 superba.
1145 4484 1179 4497 ·-
1206 4461 1270 4512 Cra-

81 4521 162 4608 dienm
179 4530 365 4598 scripturam,
395 4544 478 4596 quam
497 4526 645 4583 confirmat
694 4529 777 4598 antia]
796 4529 859 4584 vids
876 4530 912 4584 sd
930 4529 1057 4600 Epona,
1072 4531 1111 4582 13.
1132 4558 1159 4568 -
1180 4529 1268 4600 palla]

79 4599 180 4667 ”tuqus
196 4599 298 4669 glossa
315 4597 400 4656 eodd.
416 4598 543 4654 Blandis.
564 4616 643 4669 »pro-
694 4594 824 4655 »Λεπτόν
841 4620 869 4656 τε
889 4604 997 4655 πέπλον
1014 4604 1060 4654 καὶ
1077 4593 1182 4655 πλόκον
1201 4620 1267 4671 χρυ·

78 4670 132 4733 lter
146 4669 301 4728 homnem
327 4669 420 4727 noetis
444 4673 475 4727 et
496 4670 641 4726 terarum«
692 4665 832 4740 allutea«
877 4671 975 4742 Eurip.
988 4671 1136 4728 Menneu.
1159 4695 1191 4712 ε·
1210 4675 1262 4740 Aa,
