3125 5225
711 297 736 335 ι·
767 262 973 337 tronea.

462 453 607 529 Tecum
632 454 703 527 sub
731 452 819 547 elta,
843 451 898 527 sie
923 451 1008 527 Iovi
1032 466 1193 551 gratum,
1221 454 1346 554 domo,

561 577 677 671 Beate
702 579 915 678 Maecenas,
944 578 1074 655 bibam

435 702 634 780 sSonante
658 704 818 777 mixtum
843 704 1128 781 tibiis·eermeu
1153 704 1248 805 lyra,

558 826 645 901 Hac
669 828 842 922 Dorium,
870 826 947 901 illis
971 812 1204 910 barbarum?

459 952 508 1027 Ut
531 976 663 1049 nuper,
692 963 798 1025 actus
821 977 908 1027 cum
935 952 1033 1029 freto
1061 953 1274 1052 Neptunius

558 1076 643 1149 Dux
671 1076 773 1175 fugit
788 1078 891 1167 ¹ustis
909 1078 1092 1172 navibus,

461 1200 629 1275 Minatus
651 1200 745 1277 Urbi
772 1199 909 1297 vincla,
935 1226 1033 1301 quae
1059 1201 1274 1279 detraxerat

416 1363 441 1400 ιο
554 1322 687 1419 ‚Servis
715 1324 859 1400 amicus
884 1324 1052 1425 perfidis.

460 1449 665 1543 Romanus,
681 1447 972 1546 ‘eheu„posteri
999 1450 1199 1549 negabitis,

456 1650 460 1665 ,
560 1572 829 1670 Emancipatus
856 1572 1022 1649 feminee

458 1696 548 1771 Fert
574 1694 719 1770 vellum
746 1709 784 1770 et
809 1722 917 1771 erma
942 1697 1051 1772 miles
1075 1709 1112 1775 ct
1138 1699 1374 1797 spadonibus

558 1821 710 1897 Servire
734 1820 885 1919 rugosis
909 1834 1046 1921 potest,

262 1960 336 2015 tium
360 1960 396 2015 de
417 1959 535 2017 victoria
551 1961 668 2016 Actiaca
693 1964 778 2033 poeta
803 1966 838 2015 ut
886 1965 915 2015 te
964 1962 1007 2016 cri
1020 1978 1103 2031 quam
1115 1961 1266 2029 antiquiori
1281 1963 1460 2033 apponitur«

263 2032 400 2087 laetitiam
418 2051 496 2087 suam
522 2033 701 2103 exprimeret,
727 2036 835 2087 tantam
885 2030 930 2086 Ha
971 2030 1076 2088 ,ΤιπιΙ
1096 2030 1127 2086 T.
1140 2028 1185 2087 Ν.
1203 2034 1303 2103 pata
1346 2034 1407 2089 Cic.
1426 2032 1463 2087 de

262 2120 323 2159 rens
341 2122 398 2158 non
417 2105 511 2159 minus
523 2122 605 2175 quarn
618 2104 749 2159 sexennio
762 2108 836 2171 ante,
885 2108 942 2159 nst.
960 2102 995 2161 D.
1014 2103 1049 2171 11,
1065 2107 1109 2167 50,
1131 2107 1195 2159 126:
1217 2104 1308 2173 »Quid
1327 2121 1370 2169 eu,
1393 2120 1464 2173 quae

262 2192 326 2229 cum
343 2176 470 2246 Agrippa
494 2175 528 2230 de
549 2174 576 2230 S.
594 2172 730 2245 Pompeio
748 2176 835 2229 victo·
885 2192 984 2244 nuper,
1009 2174 1039 2228 id
1063 2180 1108 2229 est
1126 2176 1221 2245 paucis
1243 2180 1310 2231 ants
1330 2174 1463 2241 succulis,

262 2248 335 2300 riam
352 2250 534 2316 reportasset,
554 2245 636 2301 uiuri
652 2246 780 2302 convivio
792 2264 835 2303 ce·
885 2246 1059 2304 medicorum
1085 2246 1203 2317 ingeniis
1225 2250 1342 2315 repertu
1367 2250 1460 2301 suut«

259 2318 424 2372 lebrandam
442 2335 502 2373 esse
520 2318 677 2373 Maecenati
702 2318 834 2372 ostendit.
885 2347 920 2357 -
951 2316 1111 2389 Neptunius]
1136 2316 1163 2373 S.
1188 2316 1340 2387 Pompeius
1363 2334 1463 2373 rerum

261 2388 294 2443 ln
312 2406 368 2458 qua
390 2405 421 2443 re
444 2394 554 2445 tuntum
571 2390 677 2455 abent,
705 2395 738 2443 ut
753 2389 835 2444 Octa·
885 2386 956 2443 muri
977 2391 1120 2458 gestarunt
1144 2388 1340 2459 magnitudine
1369 2390 1465 2445 elatus

262 2459 345 2515 viano
369 2461 471 2515 victori
495 2460 667 2523 adularetur,
694 2465 726 2514 ut
752 2459 835 2514 simul
884 2460 1009 2529 Neptuni
1033 2476 1061 2514 se
1087 2456 1175 2515 lilium
1192 2477 1252 2515 esse
1271 2459 1463 2547 gloriabatur.
1549 2526 1550 2535 ἵ

260 2531 405 2598 indicaret,
415 2531 483 2601 quid
493 2536 568 2586 esset
586 2548 637 2585 cur
652 2530 706 2585 hac
715 2532 835 2586 victoria
884 2530 1004 2617 Appias.
1022 2530 1049 2584 b.
1067 2549 1092 2585 c.
1111 2530 1143 2600 V,
1163 2534 1228 2586 100:
1260 2536 1302 2587 »0
1320 2532 1355 2586 δὲ
1375 2536 1463 2604 Πομ-

259 2606 409 2673 tantopere
438 2601 616 2675 medendum
651 2602 835 2658 existimaret.
884 2611 964 2672 πηϊος
988 2596 1048 2659 οὐδ’
1074 2604 1121 2658 ἐπὶ
1146 2603 1238 2674 τοιᾷδε
1262 2598 1392 2692 εὖκαιρίιξ
1421 2623 1469 2658 ro-

261 2675 400 2744 Turpiora
419 2677 504 2730 etism
523 2672 643 2739 vincula,
662 2691 746 2743 quam
764 2691 835 2744 quas
886 2675 981 2729 notros
1018 2679 1157 2744 ναυαγίοις
1189 2675 1340 2747 ἐπιχειρεῖν
1377 2675 1466 2741 nilon·
1549 2679 1550 2692 ¹

263 2746 331 2800 olim
343 2747 452 2802 servilis
461 2745 588 2828 Pompeii
597 2745 746 2812 exercitus,
757 2746 835 2802 Cleo·
884 2742 942 2800 tir
960 2746 1025 2801 teve
1042 2741 1133 2817 μόνον
1151 2741 1280 2820 θαλάσσῃ
1298 2750 1349 2800 καὶ
1361 2753 1472 2802 Ποσει-

261 2822 360 2888 patrae
377 2822 407 2872 et
426 2817 542 2872 Antonii
560 2817 671 2871 luxuria
689 2835 721 2872 ac
745 2816 836 2871 molli·
886 2817 962 2882 ιῖιόνι,
987 2820 1033 2869 καὶ
1056 2813 1114 2876 υἱὸς
1134 2814 1223 2873 αὐτῶν
1252 2815 1396 2942 iptorum
1417 2839 1468 2872 κα·
1549 2819 1550 2866 l

262 2891 316 2944 ties
326 2889 396 2943 Urbi
413 2893 443 2943 st
459 2881 568 2944 civititi
585 2891 741 2958 paraverat.
758 2887 836 2943 Vicit
885 2891 1017 2942 ἰάσθω
1061 2887 1159 2944 Vellei.
1187 2888 1248 2944 Pet

261 2959 388 3016 Romam
403 2959 565 3030 disciplina;
584 2959 835 3014 restitutsestRo·
884 2965 945 3014 tum
971 2963 1109 3029 occupata
1132 2959 1227 3014 Sicilia
1252 2959 1376 3016 servitia
1395 2959 1471 3032 iugi·
1549 2959 1550 2964 '

261 3048 343 3086 mana
366 3031 504 3102 dignitas3
531 3030 596 3084 inde
614 3029 688 3084 iusta
706 3029 742 3086 de
759 3029 839 3085 {elici
884 3031 1014 3100 tivosque
1038 3031 1068 3084 in
1092 3047 1238 3086 numerum
1256 3029 1408 3086 exercitus
1428 3031 1472 3086 sui
1549 3035 1550 3102 ᾖ

262 3121 302 3174 pu
342 3119 375 3158 ae
395 3103 473 3158 exitu
490 3102 607 3156 laetitia.
885 3103 1023 3172 recipiens
1041 3119 1172 3172 magnum
1191 3101 1304 3158 modum
1321 3103 1471 3176 legionum

324 3176 366 3228 .1.
385 3173 532 3246 repostum]
551 3172 616 3228 ride
633 3171 670 3226 ad
688 3172 779 3226 Germ.
799 3171 833 3238 11,
883 3171 1022 3241 effecerat,
1050 3189 1153 3242 perque
1178 3173 1290 3228 Monam
1315 3179 1349 3228 et
1373 3173 1474 3228 Mene·

262 3249 289 3309 2,
306 3249 331 3300 2.
355 3276 391 3287 -
416 3245 576 3314 cumton]
595 3245 631 3300 cl.
649 3243 685 3298 ad
704 3244 795 3298 Csrm.
813 3243 835 3326 1,
884 3250 999 3309 cratem,
1012 3247 1144 3314 paternos
1156 3245 1284 3312 libertos,
1300 3243 1472 3314 praefectos

261 3321 305 3382 20,
324 3321 350 3374 9.
378 3347 409 3357 -
441 3320 500 3370 alta
519 3316 605 3387 tomo]
630 3315 760 3397 liugnam
780 3315 836 3370 sibr
884 3317 1013 3375 classium
1038 3315 1194 3370 latrociniis
1219 3333 1252 3371 se
1270 3315 1473 3387 praedationi·

263 3389 410 3444 lllsecenas
428 3387 458 3441 in
475 3386 620 3455 Esquiliis,
644 3387 694 3440 ubi
710 3385 777 3440 olim
794 3403 835 3441 ss·
884 3385 936 3441 bas
953 3381 1086 3441 infestato
1104 3387 1175 3441 mari
1191 3387 1227 3442 ad
1245 3403 1275 3442 se
1293 3387 1473 3442 exercitum·
1549 3451 1550 3456 ἵ

261 3460 363 3531 pulcra
376 3456 834 3522 fuerautdomumaedificaverst.
885 3475 939 3528 qua
965 3457 1100 3512 tuendum
1126 3462 1209 3531 rapto
1227 3457 1376 3522 utebatur,
1405 3473 1473 3514 cum

262 3530 298 3586 cf.
309 3529 459 3594 Camlll,
471 3531 516 3594 29,
529 3531 571 3584 10.
598 3528 724 3592 Satio,
736 3533 779 3582 14.
799 3555 834 3571 ⁴-
885 3542 948 3583 euru
967 3545 1024 3584 nou
1050 3527 1205 3598 depuderst
1222 3529 1405 3584 uindicatum
1429 3547 1475 3584 ar·

264 3608 304 3657 ric
317 3606 374 3657 loct
385 3600 503 3673 pratum]
526 3600 835 3663 »lovicnimvictoriae
867 3603 937 3656 .mis
964 3617 997 3656 ac
1022 3600 1108 3656 ductu
1125 3601 1214 3670 putris
1233 3600 1277 3654 sui
1294 3617 1378 3656 maro
1398 3599 1474 3656 irrie-

263 3673 374 3728 auctori
395 3675 507 3742 gratum
537 3672 578 3726 ita
603 3672 725 3725 animum
748 3672 835 3725 testa'·
860 3657 960 3726 ‘stare
987 3668 1114 3740 piraticis
1142 3671 1321 3728 sceleribus«
1367 3671 1472 3728 Aurel.

262 3763 350 3800 mun«
375 3774 408 3784 -
434 3743 519 3814 teate]
540 3743 586 3798 cui
605 3743 699 3798 omnia
715 3759 750 3796 ex
766 3747 834 3797 roto
884 3740 957 3798 Vict.
968 3759 991 3798 c.
1002 3745 1050 3798 84:
1073 3743 1158 3797 »Cum
1176 3743 1247 3798 mari
1262 3741 1396 3798 feliciter
1409 3748 1475 3798 ute-

261 3816 374 3874 cadunt.
393 3815 429 3869 of.
440 3813 531 3870 Germ.
541 3813 562 3880 1,
572 3818 598 3881 4,
611 3817 694 3870 tt-
709 3813 833 3884 mrum]
885 3817 975 3881 ratur,
1002 3813 1126 3884 Neptuni
1151 3833 1183 3870 se
1206 3813 1298 3870 lilium
1315 3813 1474 3870 confessus

262 3887 298 3946 ct
315 3888 406 3944 oum.
415 3885 465 3950 ΠΙ,
473 3888 517 3954 19,
528 3889 569 3942 18,
593 3885 639 3950 IV,
652 3888 693 3949 15,
711 3887 752 3939 30.
777 3883 835 3940 Do·
885 3891 928 3942 ast
956 3901 1079 3958 eumque.
1101 3886 1191 3943 bubus
1216 3886 1323 3943 auratis
1343 3887 1378 3943 et
1397 3901 1477 3955 equo

263 3962 322 4017 rica
348 3957 495 4014 harmonio
522 3957 558 4012 ad
584 3956 699 4012 bellicos
725 3961 834 4021 cantus,
884 3955 1029 4028 placarit«
1051 3985 1085 3996 -
1110 3953 1306 4028 emancipatus]
1331 3953 1478 4014 Emanci

263 4027 665 4102 Phrygiaadcompotstionea
675 4027 835 4098 aptissims3
884 4043 953 4099 pare
971 4046 1001 4083 se
1018 4025 1102 4084 alicui
1119 4033 1164 4084 ost
1182 4046 1211 4086 so
1229 4027 1313 4084 alicui
1327 4027 1475 4104 rendere,

262 4109 382 4173 nunqua
415 4101 564 4156 ccmunota
594 4099 667 4156 bene
701 4099 836 4156 miscetur
886 4105 976 4157 toturn
994 4098 1116 4169 tradere.
1134 4099 1171 4154 cl.
1182 4097 1238 4156 Cic.
1248 4097 1283 4154 de
1295 4115 1356 4156 sen.
1369 4100 1418 4168 11,
1430 4101 1478 4156 38.

261 4191 382 4238 carmen,
400 4170 735 4242 quolaetitiadealiqua
748 4171 836 4226 victo·
885 4166 957 4226 Phil.
974 4167 1013 4238 11,
1033 4173 1076 4236 al,
1095 4173 1138 4226 51.
1168 4201 1200 4210 -
1230 4169 1384 4242 Ronanus]
1416 4189 1479 4226 non

262 4247 306 4301 ria
322 4248 457 4315 percepta
474 4244 655 4312 exprimttur.
683 4241 836 4310 nuutios,
886 4257 956 4298 nnus
974 4245 1018 4298 est
1036 4241 1185 4306 Antonius,
1204 4240 1255 4297 sed
1273 4237 1369 4299 omnis
1391 4259 1479 4298 exar-

263 4315 545 4383 tbtr'fflarbaroquc
555 4313 686 4370 horribili
696 4313 837 4370 stridebat
887 4312 961 4370 citus
972 4312 1095 4368 Antonii.
1117 4311 1273 4384 Singularis
1286 4311 1481 4374 autemeam

261 4389 334 4446 tibia
352 4391 462 4444 caum«
483 4415 516 4426 -—
530 4398 613 4440 ectus
630 4385 714 4454 freto]
733 4383 837 4452 Siculo,
887 4385 914 4440 vi
936 4389 965 4440 ct
982 4383 1175 4455 indignatione
1192 4381 1315 4456 positus:
1332 4379 1482 4442 homines

264 4461 313 4515 nbi
332 4475 421 4528 prope
430 4455 782 4525 Messanamfflompsias
800 4455 836 4510 ab
886 4455 1076 4513 Romanorum
1093 4455 1195 4513 civium
1218 4455 1328 4513 uomina
1360 4455 1481 4524 ornati,

263 4531 391 4600 Agrippa
408 4529 499 4601 dotus
517 4532 561 4584 est
581 4545 606 4583 a.
624 4545 650 4582 ιι.
661 4529 724 4583 718.
740 4557 775 4567 -
790 4545 837 4581 ss·
886 4523 1033 4584 cluissimi
1043 4527 1131 4584 tonus
1143 4525 1220 4582 orbis
1230 4523 1342 4582 utilitas.
1360 4557 1402 4596 ε-
1419 4535 1483 4598 sart

263 4601 324 4673 per]
343 4605 449 4670 »Nuper
460 4595 544 4670 iaepe
555 4617 612 4654 non
625 4598 836 4669 temptassent
887 4601 988 4656 callus·
1007 4612 1032 4656 et
1052 4597 1142 4671 muru]
1161 4599 1195 4652 cl.
1210 4595 1266 4654 Cic
1278 4595 1361 4655 uua
1376 4595 1420 4668 Π,
1435 4601 1482 4654 16.

1281 2889 1312 2954 I,
1342 2891 1396 2944 73:
1427 2887 1470 2942 »Is
1549 2897 1550 2950 1
