3125 5225
403 228 490 295 LIB.
513 223 580 295 ΙΠ.
602 226 743 295 GARM.
764 226 913 295 XXVII.

264 416 440 495 Credidit
466 430 576 493 tauro
600 416 699 493 latus
724 430 765 493 et
789 427 997 491 scatentem

260 542 389 617 Beluis
415 554 577 641 pontum
603 540 828 641 mediasque
853 540 1009 616 fraudes

354 666 498 742 Palluit
523 666 658 742 audax.

260 814 392 911 Nuper
416 815 457 889 in
479 815 600 912 pratis
628 812 799 887 studiosa
822 810 962 886 florum
987 825 1025 886 et

221 974 247 1013 n
263 938 422 1017 Debitae
442 937 632 1037 Nymphis
659 938 791 1035 opifex
816 961 981 1011 eoronae

257 1064 377 1139 Noete
401 1063 585 1139 sublustri
611 1062 707 1137 nihil
734 1074 835 1139 astra
860 1073 1013 1161 praeter

358 1188 469 1264 Vidit
493 1202 532 1265 et
556 1187 691 1264 undas.

263 1338 372 1431 Quae
398 1338 512 1413 simul
540 1351 690 1415 eentum
717 1337 843 1435 tetigit
866 1326 1061 1436 potentem

261 1462 428 1563 Oppidis
452 1464 612 1542 Creten:
637 1464 762 1559 Pater,
787 1490 810 1537 o
833 1462 1012 1538 relietum

218 1618 244 1657 es
262 1588 385 1663 Filiae
407 1614 549 1663 nomen
573 1589 785 1688 pietasque,
813 1587 915 1685 dixit,

363 1713 478 1788 Vieta
503 1713 655 1789 fureret

260 1864 374 1943 Unde
398 1888 475 1963 quo
494 1864 607 1939 veni?
632 1863 746 1939 Levis
772 1889 851 1939 una
875 1888 979 1937 mors
1007 1872 1063 1936 est

259 1990 465 2089 Virginum
493 1988 639 2087 eulpae.
668 1987 897 2086 Vigilanene
923 1986 1034 2086 ploro

260 2114 394 2213 Turpe
415 2114 658 2189 eommissurn
680 2138 729 2187 an
746 2113 848 2187 vitiis
869 2125 1063 2189 carentem

215 2273 242 2313 n
364 2238 482 2313 Ludit
506 2238 635 2337 imago

257 2386 382 2481 Vane,
410 2411 509 2485 quae
534 2399 647 2483 porta
672 2384 826 2483 fugiens
854 2386 999 2461 eburna

259 2510 463 2588 Somnium
490 2510 617 2585 ducit?
643 2509 832 2584 meliusne
855 2510 993 2585 fluetus

257 2637 326 2712 Ire
354 2661 424 2732 per
449 2635 586 2735 longos
612 2635 686 2709 fuit
711 2661 760 2710 an
787 2649 958 2711 recentes

366 2761 533 2858 Carpere
559 2759 699 2836 flores?

74 3053 130 3106 quae
144 3041 173 3094 in
190 3039 288 3096 medio
308 3039 380 3093 mari
399 3041 473 3102 sunt,
491 3037 526 3094 ab
544 3039 578 3093 ii
589 3037 636 3109 qui
685 3055 761 3093 mum
785 3037 876 3111 patris
901 3039 974 3094 male
1001 3039 1107 3097 deserti
1136 3038 1265 3095 meminit

73 3109 199 3167 intittors
218 3115 303 3167 stent
328 3128 384 3164 non
409 3115 564 3166 cernuntur
587 3115 637 3164 eut
687 3127 769 3180 seque
799 3109 874 3180 quod
900 3112 1016 3167 levitate
1043 3113 1159 3167 seducta
1187 3110 1262 3165 filiae

73 3184 225 3238 sentiuntur.
265 3183 309 3237 Et
327 3182 377 3236 eir.
398 3181 503 3238 Moseh.
525 3185 636 3246 2127:
687 3199 789 3236 nomen
798 3181 955 3253 prodiderit
967 3185 1158 3254 pietatemque
1168 3182 1262 3238 furore

75 3249 115 3305 ‚n
135 3253 160 3306 δ’
182 3252 228 3308 ὅτε
256 3254 296 3322 δὴ
322 3259 402 3323 γαίης
423 3250 480 3307 ἀπὸ
507 3253 639 3324 πατρίδος
686 3253 705 3307 i.
725 3269 748 3308 e.
771 3251 933 3306 temeritate
950 3255 1025 3309 vinei
1043 3272 1127 3326 passe
1145 3255 1183 3308 sit
1201 3269 1264 3325 gra-

73 3313 111 3388 ter
133 3321 264 3394 ἄνευθεν,
292 3329 415 3380 wintro
442 3325 468 3378 δ’
492 3319 547 3378 οὔτ’
571 3319 653 3391 ἀκτήΙ
687 3323 761 3380 viter
771 3329 893 3379 moueat.
912 3325 1010 3395 Neque
1022 3325 1174 3397 quidquam
1184 3329 1264 3408 eulpa

72 3411 102 3453 τις
121 3395 270 3470 duddo-*⁰5
297 3391 355 3450 οὔτ’
379 3391 442 3467 ὄρος
463 3391 541 3462 arni,
570 3391 638 3450 tm*
688 3400 733 3450 est
761 3396 837 3450 eliud
866 3401 896 3450 et
921 3408 998 3468 turpe
1016 3405 1186 3452 commissum
1209 3396 1264 3450 mei

71 3461 113 3538 ἀὴρ
128 3470 181 3540 μὲν
197 3465 337 3541 ὕπερθεν,
364 3469 459 3539 ἔνερθε
482 3469 514 3522 δὲ
538 3462 639 3528 πόντος
687 3465 749 3531 hoe,
778 3467 853 3536 quod
878 3467 977 3521 insano
996 3485 1092 3523 amore
1115 3483 1148 3522 eo
1166 3485 1265 3538 perve-

72 3534 178 3610 ἀπείρων
194 3544 271 3595 nt«
323 3539 393 3593 Tum
423 3541 567 3610 egregium
596 3544 639 3593 est
688 3539 741 3600 nit,
758 3545 792 3592 ut
812 3555 895 3608 quem
907 3539 1081 3594 carissimum
1097 3537 1199 3594 habuit
1214 3553 1264 3609 pa·

70 3615 155 3678 petiuit
173 3615 279 3678 endas,
310 3611 413 3682 qnippe
431 3627 486 3680 quo
498 3611 591 3665 subite
610 3615 639 3665 et
688 3613 761 3664 trem
780 3611 960 3679 relinqueret.
981 3610 1016 3664 ei.
1034 3628 1078 3666 vv.
1090 3613 1206 3664 42-44.
1217 3612 1261 3665 49.

69 3695 155 3753 mgna
171 3683 261 3738 enimi
281 3681 417 3752 Europae
443 3682 562 3736 mutatio
588 3680 639 3735 rni-
691 3711 718 3720 -
749 3681 855 3752 surore]
882 3687 915 3735 ut
933 3683 1008 3751 apud
1027 3681 1127 3738 carni.
1148 3684 1191 3747 64,
1213 3683 1265 3736 197

70 3767 119 3806 mm
133 3755 162 3808 in
178 3755 300 3810 modum
328 3769 386 3806 non
404 3754 572 3824 exprimitur
589 3751 638 3808 sed
690 3753 812 3808 »amenti
830 3767 913 3807 casea
930 3753 1041 3808 furora
1064 3753 1195 3823 Ariadne,
1217 3769 1265 3807 eu·

71 3823 289 3896 regiminae
309 3825 438 3880 eonsulte
455 3827 557 3896 palluit
575 3839 639 3879 eum
687 3825 730 3878 ius
748 3825 878 3892 querelae
890 3825 1045 3880 simillimae
1057 3829 1130 3879 sunt.
1144 3855 1176 3864 -
1195 3827 1263 3879 unde

72 3899 224 3962 musivo,
243 3901 281 3952 ut
301 3896 396 3967 Epist.
406 3895 429 3957 Ι,
440 3899 467 3960 3,
487 3897 577 3951 lo-
597 3897 639 3949 rte-
704 3893 751 3967 aa]
773 3895 945 3950 Coniunctae
959 3897 996 3950 ed
1007 3913 1139 3967 graecum
1149 3895 1264 3950 modum

71 3967 138 4036 titre}
157 3987 192 4024 ex
211 3973 294 4024 rote.
688 3917 759 4021 duae
781 3966 1026 4038 interrogationes.
1053 3968 1088 4022 ef.
1108 3967 1199 4021 darm.
1217 3965 1267 4030 111,

98 4035 126 4094 V.
142 4043 185 4096 33.
230 4040 296 4094 Iam
316 4038 418 4109 incipit
436 4035 586 4108 magnifiee
604 4036 639 4091 de
691 4041 732 4104 19,
753 4039 769 4094 6
789 4054 830 4106 sq.
867 4039 943 4109 Virg.
965 4039 1155 4104 1111111670.
1174 4069 1208 4078 -
1227 4043 1266 4092 vi·

72 4105 186 4181 Europae
201 4127 342 4167 moerore
360 4109 507 4180 expositio,
536 4110 567 4163 in
585 4123 640 4177 qua
691 4110 748 4180 tiis]
769 4107 860 4163 Unum
879 4110 990 4179 quidem
1003 4111 1139 4181 intelligit
1156 4109 1265 4175 vitium,

72 4180 214 4250 riqunerss
233 4182 309 4253 quid
325 4181 377 4235 illa
394 4179 508 4238 tandem
527 4179 641 4236 commi·
690 4179 739 4234 sed
758 4179 875 4250 pluralis
893 4198 1025 4236 numerus
1043 4185 1130 4253 auget
1146 4197 1214 4246 rem,
1233 4186 1266 4235 ut

72 4253 320 4320 κάμω-1111111110
331 4269 361 4307 se
373 4252 513 4322 supplicio
525 4251 639 4323 dignam
690 4267 773 4321 saepe
788 4249 872 4321 apud
895 4258 981 4307 oetas.
999 4283 1034 4294 -
1072 4265 1134 4308 erra
1152 4251 1266 4379 eturspzp

72 4331 175 4392 recuset,
192 4328 259 4396 ipse
277 4325 362 4379 edent
379 4323 496 4394 Europa
513 4337 640 4394 quaere·
689 4323 769 4377 Hom.
792 4321 843 4381 od.
931 4327 1017 4393 ,562
1074 4323 1099 4377 ir
1121 4324 1208 4378 .Aen.
1259 4364 1265 4388 ,

72 4397 193 4463 tpondert
213 4415 240 4452 r.
253 4399 293 4452 34
304 4413 364 4466 sqq.
408 4394 479 4449 Nam
504 4394 570 4450 dum
588 4399 641 4465 p'er
689 4395 751 4450 894.
788 4394 890 4449 Altera
911 4394 1045 4451 edieetivi
1072 4394 1163 4449 forma
1191 4397 1267 4448 eter-
1321 4419 1335 4430 ,

72 4481 133 4522 mure
148 4469 270 4537 vehitur,
289 4485 328 4522 ne
344 4465 435 4522 verbs
451 4463 563 4536 quidem
573 4481 641 4536 prae
691 4485 757 4522 neas
774 4482 866 4536 neque
873 4465 1009 4521 Horatius
1028 4484 1095 4522 usus
1113 4469 1156 4520 eet
1174 4481 1264 4536 neque

73 4539 165 4594 terrore
184 4541 284 4612 potuit
305 4538 448 4606 invenire3
478 4537 507 4590 in
532 4539 641 4592 terram
690 4535 834 4608 Virgilius.
867 4569 896 4578 -
924 4537 1043 4608 sepiem]
1063 4537 1171 4609 Fugere
1190 4537 1265 4609 apud

74 4612 185 4680 expositi
209 4629 228 4668 a
253 4615 399 4680 tauroque
425 4605 560 4664 destituta
583 4609 641 4680 pri·
690 4611 789 4679 poetas
816 4613 861 4664 est
886 4598 984 4680 rapide
1008 4608 1093 4677 abire,
1118 4610 1204 4665 exire.
1230 4639 1264 4650 -
