3125 5225
296 192 359 257 578
732 187 1064 261 EPISTULARUM
1168 188 1175 201 '

348 377 368 451 I
394 388 559 452 nuncet
585 402 716 455 versus
743 390 869 454 tecum
895 376 1081 454 meditare
1106 364 1276 453 canorosi

347 500 584 601 Scriptorum
610 500 747 577 chorus
774 499 900 577 omnis
924 512 1028 575 amat
1044 524 1179 577 nemus
1196 513 1234 575 et
1250 502 1350 601 fugit
1368 502 1494 595 urbes,

260 638 269 645 '
346 625 429 699 Rite
455 624 572 701 cliens
593 624 739 712 ¹Bacchi
767 650 901 701 somno
928 624 1129 723 gaudentis
1153 638 1192 702 et
1217 626 1371 703 umbra:
1416 646 1420 649 ·

348 750 407 827 Tu
432 774 496 825 me
519 749 618 825 inter
646 751 825 851 strepitus
852 762 1059 825 nocturnos
1083 763 1198 851 atque
1224 750 1381 831 diurnos

298 906 324 945 a
349 874 419 949 Vis
446 900 583 952 canere
609 888 648 951 et
673 888 847 951 contacte
872 875 983 975 sequi
1007 876 1169 974 vestigia
1193 880 1349 955 vatum?

346 999 563 1098 Ingenium,
589 1001 665 1075 sibi
692 999 797 1098 quod
825 1026 963 1075 vacuas
994 998 1205 1098 desumpsit
1231 998 1404 1077 Athenas

346 1123 394 1196 Et
418 1122 553 1199 studiis
580 1150 701 1199 annos
727 1136 874 1222 septem
899 1122 1008 1200 dedit
1033 1124 1278 1223 insenuitque

346 1246 473 1323 Libris
499 1262 537 1325 et
565 1250 675 1346 curis,
703 1262 826 1325 statua
852 1249 1074 1325 taciturnius
1102 1250 1179 1323 exit

346 1370 581 1472 Plerumque
607 1385 644 1449 ct
669 1372 748 1447 risu
772 1372 961 1471 populum
990 1374 1130 1471 quatit:
1158 1372 1220 1447 hie
1242 1397 1315 1470 ego
1342 1399 1470 1449 rerum

297 1526 323 1567 ss
349 1494 544 1572 Fluctibus
569 1498 609 1573 in
631 1496 768 1573 mediis
796 1509 833 1573 et
857 1497 1146 1595 tempestatibus
1173 1496 1278 1571 urbis

347 1622 475 1697 Verba
497 1621 606 1721 lyrae
632 1634 784 1697 motura
809 1647 944 1697 sonum
973 1634 1199 1697 connectere
1226 1620 1388 1719 digner?

348 1744 484 1822 Frater
510 1758 591 1822 erat
614 1746 760 1843 Romae
786 1744 948 1819 consulti
974 1742 1116 1841 rhetor,
1138 1758 1181 1819 ut
1206 1740 1302 1821 alter
1392 1810 1395 1817 .

297 1969 362 2024 rudi
387 1970 587 2040 plaustrorum,
605 1970 744 2039 funerum,
767 1968 870 2025 machi·
918 1973 986 2024 sunt
1006 1974 1035 2024 et
1053 1969 1142 2025 risum
1158 1970 1283 2025 excitant
1298 1970 1415 2039 populo.
1454 1971 1494 2023 la·

296 2056 398 2094 narum
415 2043 537 2112 strepitu
553 2042 796 2113 redemptorisque
815 2041 870 2097 cla·
919 2047 1024 2112 pastum
1049 2056 1139 2111 prope
1165 2043 1289 2113 positum
1316 2046 1359 2095 est
1377 2055 1431 2111 pro
1446 2038 1493 2094 ho-

298 2129 384 2166 more.
398 2142 429 2151 -—
442 2119 496 2168 rs'ts
506 2113 603 2185 etism]
623 2113 734 2176 merito,
755 2116 789 2167 ut
806 2128 870 2167 eum
918 2112 993 2167 mins
1029 2112 1167 2183 singulari
1202 2114 1317 2183 ingenio
1354 2110 1491 2183 praedito,

297 2182 387 2249 decet,
405 2182 501 2239 cliens.
545 2184 579 2240 ol.
598 2184 688 2241 carm.
706 2182 760 2251 Ill,
779 2186 823 2246 25,
846 2185 869 2238 1.
919 2200 1084 2253 quamquam
1118 2184 1196 2239 alind
1229 2183 1403 2253 exemplum,
1440 2198 1493 2251 qno

298 2282 329 2292 -
349 2257 488 2322 contacte]
508 2254 555 2309 sio
573 2274 609 2311 ex
627 2255 792 2325 cruquiauis
809 2256 870 2309 tres
919 2256 1070 2325 singularis
1102 2256 1160 2309 eius
1198 2254 1326 2311 vocabuli
1364 2270 1491 2310 numerus

296 2323 438 2379 Blandinii
454 2324 535 2380 codd.
554 2330 585 2381 et
602 2326 724 2396 quinque
742 2324 798 2388 alii,
810 2328 869 2379 tres
919 2325 990 2381 hanc
1007 2326 1109 2382 habeat
1119 2325 1360 2397 significationem,
1380 2327 1491 2379 allatum

182 2410 188 2415 '
297 2394 406 2477 Orellii,
423 2396 551 2478 plerique
570 2396 708 2462 Pottiarii,
734 2402 870 2466 quattuor
919 2414 1054 2468 nusquam
1081 2398 1230 2468 reperiam.
1272 2398 1314 2453 De
1331 2395 1436 2466 plurali
1454 2392 1486 2450 cl.

297 2466 440 2534 Schmrdis,
465 2467 562 2537 plnres
578 2468 742 2533 Pulmanni,
759 2468 868 2523 Monte·
918 2468 1008 2539 Epist.
1026 2468 1060 2533 11,
1082 2470 1105 2533 1,
1125 2467 1168 2523 88.
1215 2468 1328 2524 Sueten.
1347 2468 1421 2539 Aug.
1440 2468 1491 2521 89:
1530 2516 1534 2527 ,

297 2554 380 2607 pesa..
402 2538 504 2607 quibus
522 2538 631 2595 secedit
648 2540 734 2594 trium
752 2538 869 2594 scholia·
921 2540 1053 2612 ’Ingenia
1069 2540 1174 2595 saeculi
1192 2541 1237 2595 sui
1262 2538 1393 2595 omnibus
1411 2536 1496 2593 modis
1556 2559 1557 2576 ι

296 2616 405 2665 starum
420 2611 583 2666 auctoritas.
600 2611 868 2682 Explicandumpu·
919 2613 1014 2668 fovit«
1060 2613 1098 2666 id.
1116 2612 1200 2684 Vesp.
1220 2615 1266 2668 18:
1314 2611 1449 2684 »Ingenia
1465 2609 1495 2664 et

296 2684 342 2736 to:
365 2687 411 2736 Vis
430 2703 472 2737 sas
488 2688 604 2754 sastips'a
615 2697 704 2738 natura
714 2689 869 2754 seniapars
920 2687 995 2738 artes
1013 2683 1058 2739 vel
1075 2683 1196 2739 maxime
1207 2683 1301 2740 fovit«
1321 2681 1419 2738 Senec-
1431 2681 1496 2736 Gen·

298 2766 323 2809 st
341 2757 424 2824 ssqas‘,
443 2771 500 2809 non
517 2774 600 2825 saque
618 2759 694 2825 sequi
712 2756 794 2809 doses
808 2775 868 2808 eea·
920 2755 970 2810 sol
988 2755 1024 2809 ad
1034 2754 1131 2824 Polyb.
1142 2757 1172 2810 ὃς
1193 2755 1385 2810 »intentatam
1395 2752 1491 2808 Roma·

298 2829 414 2894 ttpsrtn.
432 2823 570 2880 Nimirum
587 2826 770 2880 tnmdemum
784 2829 869 2895 poeta
918 2827 963 2880 nis
979 2825 1099 2910 ingeniis
1116 2843 1213 2897 opus«
1238 2825 1277 2882 id.
1287 2825 1371 2896 Epa
1391 2823 1492 2880 »certis
1555 2857 1556 2883 t

298 2895 418 2968 vestigia
441 2899 539 2952 vatum
562 2897 642 2968 sequi
667 2901 773 2967 potest,
805 2911 869 2950 cnm
919 2897 1040 2968 ingeniis
1057 2899 1202 2952 immorari
1220 2903 1250 2952 et
1262 2897 1400 2952 innutriri
1414 2911 1492 2966 opor·

297 2965 458 3023 meditando
474 2971 504 3023 et
518 2969 641 3022 animm
651 2968 769 3024 sublime
790 2967 870 3036 quasi
918 2971 970 3032 tet,
992 2969 1016 3023 si
1032 2969 1101 3024 reiis
1119 2968 1224 3038 aliquid
1245 2969 1387 3022 traheres
1398 2995 1433 3008 -
1449 2987 1491 3022 u·

298 3037 407 3109 agendo
436 3043 466 3094 et
489 3040 527 3095 ab
554 3039 609 3096 hoc
633 3041 754 3110 strepitu
779 3055 869 3093 remo·
920 3039 999 3109 cass]
1029 3040 1146 3109 quietas,
1172 3045 1204 3094 ut
1276 3039 1321 3102 .1,
1341 3041 1371 3105 Ὶ,
1389 3043 1432 3094 45.
1456 3065 1488 3080 -·
1554 3093 1555 3098 ,

199 3119 202 3122 ’
298 3110 390 3166 vendo
407 3109 457 3166 ills
471 3111 547 3166 conti
569 3111 632 3166 erit
656 3111 691 3166 ci.
711 3111 766 3166 Gio.
786 3111 868 3165 Tusa.
920 3131 1004 3167 assos
1023 3111 1132 3182 septem]
1152 3111 1239 3166 Recte
1272 3109 1369 3165 rellins
1388 3107 1489 3172 docuit,

297 3181 429 3250 1,19,4e.
454 3181 522 3238 God.
565 3182 640 3238 land
656 3183 802 3252 antiquiss.
821 3181 889 3236 ha··
920 3182 950 3236 in
973 3181 1027 3237 hoc
1052 3197 1168 3237 numero
1186 3183 1277 3238 inesse
1295 3181 1427 3237 festivam
1446 3179 1490 3234 sli-

298 3253 349 3308 bet
373 3265 486 3309 assuta
509 3270 572 3309 cum
599 3253 708 3325 glossa:
735 3255 788 3309 »ab
807 3252 869 3308 aliis
919 3269 1004 3322 qnam
1020 3253 1210 3323 hyperbolem,
1234 3269 1286 3308 nso
1303 3253 1420 3324 propris
1434 3265 1490 3307 esso

297 3325 377 3394 prius
394 3324 500 3395 dicta;‹
519 3343 590 3380 unus
602 3325 717 3396 Gruqnii
732 3337 869 3392 sanctsts,
920 3325 980 3379 anci
1000 3324 1123 3390 mudum,
1141 3325 1222 3395 qnasi
1241 3324 1377 3379 Horatius
1395 3323 1441 3379 hic
1458 3321 1490 3376 si·

299 3413 372 3451 unus
381 3395 501 3452 Bentleii
511 3403 639 3462 cinerata,
656 3414 729 3452 unus
738 3393 870 3452 Pottisrii
920 3339 1066 3466 gnidum
1089 3401 1178 3451 semet
1201 3397 1295 3467 ipsum
1310 3395 1429 3451 Athenis
1451 3407 1490 3448 ss·

297 3479 438 3592 gestante,
475 3467 693 3594 plumgqoeffli
718 3478 868 3594 cundwin,
920 3470 1103 3593 pieptuattimos
1114 3461 1489 3594 ⁸ffidii⁸1ti⁵ffi⁸vwffeitml

323 3553 358 3592 en
382 3555 441 3593 esus
467 3557 502 3593 ex
527 3555 591 3594 com
637 3556 689 3595 nra
715 3560 769 3594 soa
798 3557 869 3592 aaa.
919 3555 994 3593 mer
1048 3555 1109 3592 one.
1161 3555 1185 3594 o.
1248 3555 1286 3594 sc
1381 3578 1387 3602 ‚
1435 3565 1489 3590 .-

298 3608 353 3674 Qui
377 3621 519 3666 contracta
545 3611 756 3680 praetulerunt,
784 3609 868 3664 inter·
921 3613 1025 3677 statua]
1044 3608 1227 3665 cfr.11ucian.
1247 3577 1371 3698 lmapllz
1388 3604 1489 3694 ’dlvi

298 3680 402 3750 pretati
428 3685 495 3736 snut
522 3681 557 3738 de
586 3687 648 3736 arta
672 3683 727 3748 via,
751 3699 808 3751 qua
834 3677 871 3736 ad
921 3695 954 3735 σε
974 3684 1019 3734 ani
1036 3682 1091 3735 ’τῶν
1114 3677 1285 3753 ἀνδριάντων
1302 3695 1489 3750 ssqurorspcr

192 3759 195 3764 ·
299 3750 395 3806 Musas
419 3751 511 3822 poetis
536 3753 656 3808 eundum
681 3753 733 3818 sit,
761 3755 795 3806 nt
816 3749 871 3821 ipsi
919 3747 1086 3826 drepana«

299 3827 416 3906 asclipio
439 3823 519 3906 quassi
537 3829 697 3907 contr-ster?
723 3829 869 3906 coganturj,
955 3823 988 3878 V.
1006 3827 1050 3879 87.
1089 3827 1194 3906 1·ἰ·ιιίοι·ι
1209 3822 1280 3893 erat]
1307 3822 1366 3876 Iam
1391 3819 1490 3876 transit

298 3909 333 3948 sc
350 3897 481 3949 nituntur
497 3895 540 3949 illi
554 3894 666 3964 quidem
682 3912 713 3948 ιιι
729 3894 872 3964 Propertii
921 3893 958 3948 ad
976 3894 1109 3949 molestas
1120 3893 1264 3948 hominnm
1274 3892 1423 3950 doctorum
1435 3909 1488 3947 rnn-

300 3965 363 4020 looo
381 3963 430 4029 ΙΠ,
450 3969 474 4031 1,
497 3968 543 4021 15:
564 3965 643 4022 »Non
659 3965 744 4020 datur
762 3965 799 4020 ad
810 3964 870 4019 llu-
920 3969 984 4020 tuas
1002 3965 1186 4030 laudationes,
1205 3981 1277 4035 qnae
1295 3970 1404 4020 tantum
1413 3963 1488 4018 abest
1551 3975 1552 3990 ι

300 4053 344 4092 sas
362 4052 477 4094 currere
493 4037 552 4094 lats
568 4038 638 4092 ria«
660 4069 693 4080 -
719 4035 869 4110 [wantum]
921 4041 954 4091 nt
964 4037 1096 4104 alliciant,
1106 4040 1139 4091 ut
1146 4031 1488 4094 deterreantsscribendo

298 4107 371 4164 Nam
394 4107 417 4162 ii
442 4109 536 4173 etiam,
565 4109 665 4178 inquit,
692 4108 792 4178 quibus
820 4123 872 4177 per
923 4123 994 4172 enm,
1016 4110 1063 4179 qui
1083 4111 1160 4164 recte
1178 4109 1301 4164 scribere
1317 4108 1398 4163 malit
1410 4121 1487 4178 quam

300 4181 415 4252 longum
445 4185 556 4251 tempus
583 4180 614 4234 in
638 4179 702 4234 loco
730 4181 768 4235 ab
796 4179 871 4234 omni
921 4178 1032 4235 laudem
1052 4181 1107 4235 sibi
1123 4179 1257 4252 colligere
1275 4179 1400 4236 aliorum.
1436 4177 1487 4232 Suo

300 4251 423 4321 strepitu
449 4269 553 4317 vacuo,
581 4255 615 4306 nt
644 4255 710 4306 snut
734 4250 870 4316 Athenae,
922 4255 1017 4306 antam
1045 4267 1123 4306 mors
1154 4253 1250 4307 subito
1278 4250 1315 4306 ad
1344 4265 1404 4306 earn
1432 4263 1489 4302 rem

299 4322 404 4378 litteris
420 4327 451 4380 et
468 4323 550 4380 libris
568 4339 682 4393 operam
699 4321 766 4378 dare
781 4323 871 4387 licuit,
915 4323 1027 4378 transit
1059 4321 1188 4394 exemplo
1223 4323 1343 4378 duorum
1374 4321 1488 4376 fmtmm

300 4410 335 4448 eo
351 4411 418 4450 raro
437 4395 613 4465 perveniunt,
641 4399 675 4450 nt
691 4411 769 4464 spem
788 4395 824 4450 ds
842 4411 872 4447 se
922 4395 1068 4464 proposito
1078 4393 1211 4448 Romanis
1227 4393 1302 4449 haud
1321 4393 1406 4448 dubio
1424 4389 1487 4445 satis

299 4468 406 4520 motam
422 4467 562 4538 expleant,
591 4470 690 4521 contra
713 4465 785 4521 mira
804 4465 873 4520 taci-
923 4465 1046 4538 cognito.
1065 4465 1196 4520 Ceterum
1208 4465 1377 4521 Meinskius:
1400 4462 1485 4524 »hsce
1549 4495 1550 4516 ι

298 4537 437 4592 tur-nitate
456 4537 583 4608 absorpti
598 4535 872 4609 inpublieumprod·
907 4537 1022 4620 inquit,
1040 4537 1260 4608 quotiescunque
1276 4537 1341 4608 legi,
1367 4549 1423 4590 non
1448 4547 1486 4588 re
