<?xml version="1.0" encoding="UTF-8"?>
<!DOCTYPE html PUBLIC "-//W3C//DTD XHTML 1.0 Transitional//EN"
    "http://www.w3.org/TR/xhtml1/DTD/xhtml1-transitional.dtd">
<html xmlns="http://www.w3.org/1999/xhtml" xml:lang="en" lang="en">
 <head>
  <title>
</title>
<meta http-equiv="Content-Type" content="text/html;charset=utf-8" />
  <meta name='ocr-system' content='tesseract 3.04.00' />
  <meta name='ocr-capabilities' content='ocr_page ocr_carea ocr_par ocr_line ocrx_word'/>
</head>
<body>
  <div class='ocr_page' id='page_1' title='image "./qhoratiiflaccio01dillgoog/qhoratiiflaccio01dillgoog_0411.png"; bbox 0 0 3125 5225; ppageno 0'>
   <div class='ocr_carea' id='block_1_1' title="bbox 542 279 1305 365">
    <p class='ocr_par' dir='ltr' id='par_1_1' title="bbox 542 279 1305 365">
     <span class='ocr_line' id='line_1_1' title="bbox 542 279 1305 365; baseline 0 -4"><span class='ocrx_word' id='word_1_1' title='bbox 542 296 628 363; x_wconf 83' lang='lat' dir='ltr'>nm.</span> <span class='ocrx_word' id='word_1_2' title='bbox 645 296 674 363; x_wconf 91' lang='lat'>1.</span> <span class='ocrx_word' id='word_1_3' title='bbox 695 295 794 365; x_wconf 76' lang='lat' dir='ltr'>sur.</span> <span class='ocrx_word' id='word_1_4' title='bbox 816 296 879 363; x_wconf 83' lang='lat' dir='ltr'>vr.</span> <span class='ocrx_word' id='word_1_5' title='bbox 921 284 924 293; x_wconf 81' lang='grc'><em>’</em></span> <span class='ocrx_word' id='word_1_6' title='bbox 1115 279 1121 291; x_wconf 87' lang='grc'><strong>’</strong></span> <span class='ocrx_word' id='word_1_7' title='bbox 1240 294 1305 361; x_wconf 77' lang='lat' dir='ltr'>ste</span> 
     </span>
    </p>
   </div>
   <div class='ocr_carea' id='block_1_2' title="bbox 107 486 1257 2203">
    <p class='ocr_par' dir='ltr' id='par_1_2' title="bbox 155 486 1074 587">
     <span class='ocr_line' id='line_1_2' title="bbox 155 486 1074 587; baseline -0.005 -23"><span class='ocrx_word' id='word_1_8' title='bbox 155 486 263 564; x_wconf 89' lang='lat' dir='ltr'>Olim</span> <span class='ocrx_word' id='word_1_9' title='bbox 288 487 354 586; x_wconf 93' lang='lat' dir='ltr'>qui</span> <span class='ocrx_word' id='word_1_10' title='bbox 379 488 530 587; x_wconf 84' lang='lat' dir='ltr'>mugnis</span> <span class='ocrx_word' id='word_1_11' title='bbox 554 487 773 585; x_wconf 72' lang='lat' dir='ltr'>legionibus</span> <span class='ocrx_word' id='word_1_12' title='bbox 798 486 1074 585; x_wconf 78' lang='lat' dir='ltr'>imperitarent,</span> 
     </span>
    </p>

    <p class='ocr_par' dir='ltr' id='par_1_3' title="bbox 123 610 1248 1211">
     <span class='ocr_line' id='line_1_3' title="bbox 123 610 1088 710; baseline 0.003 -28"><span class='ocrx_word' id='word_1_13' title='bbox 123 642 137 682; x_wconf 76' lang='lat' dir='ltr'>s</span> <span class='ocrx_word' id='word_1_14' title='bbox 158 611 209 688; x_wconf 92' lang='lat' dir='ltr'>Ut</span> <span class='ocrx_word' id='word_1_15' title='bbox 232 611 410 710; x_wconf 77' lang='lat' dir='ltr'>plerique</span> <span class='ocrx_word' id='word_1_16' title='bbox 429 610 563 708; x_wconf 82' lang='lat' dir='ltr'>solent,</span> <span class='ocrx_word' id='word_1_17' title='bbox 593 638 686 687; x_wconf 85' lang='lat' dir='ltr'>naso</span> <span class='ocrx_word' id='word_1_18' title='bbox 712 610 913 709; x_wconf 86' lang='lat' dir='ltr'>suspendis</span> <span class='ocrx_word' id='word_1_19' title='bbox 939 610 1088 687; x_wconf 84' lang='lat' dir='ltr'>adunoo</span> 
     </span>
     <span class='ocr_line' id='line_1_4' title="bbox 156 734 1009 834; baseline -0.001 -25"><span class='ocrx_word' id='word_1_20' title='bbox 156 735 317 834; x_wconf 80' lang='lat' dir='ltr'>Ignotos</span> <span class='ocrx_word' id='word_1_21' title='bbox 341 747 385 809; x_wconf 90' lang='lat' dir='ltr'>ut</span> <span class='ocrx_word' id='word_1_22' title='bbox 409 761 473 811; x_wconf 90' lang='lat' dir='ltr'>me</span> <span class='ocrx_word' id='word_1_23' title='bbox 497 734 680 812; x_wconf 90' lang='lat' dir='ltr'>libertino</span> <span class='ocrx_word' id='word_1_24' title='bbox 705 748 815 833; x_wconf 87' lang='lat' dir='ltr'>patre</span> <span class='ocrx_word' id='word_1_25' title='bbox 841 746 985 810; x_wconf 84' lang='lat' dir='ltr'>natum.</span> <span class='ocrx_word' id='word_1_26' title='bbox 1005 748 1009 767; x_wconf 87' lang='lat'><strong>¹</strong></span> 
     </span>
     <span class='ocr_line' id='line_1_5' title="bbox 159 859 1248 959; baseline -0.006 -19"><span class='ocrx_word' id='word_1_27' title='bbox 159 861 257 940; x_wconf 89' lang='lat' dir='ltr'>Cum</span> <span class='ocrx_word' id='word_1_28' title='bbox 283 862 428 937; x_wconf 80' lang='lat' dir='ltr'>referre</span> <span class='ocrx_word' id='word_1_29' title='bbox 450 886 581 959; x_wconf 78' lang='lat' dir='ltr'>negas,</span> <span class='ocrx_word' id='word_1_30' title='bbox 606 859 710 959; x_wconf 90' lang='lat' dir='ltr'>quali</span> <span class='ocrx_word' id='word_1_31' title='bbox 737 860 786 935; x_wconf 88' lang='lat' dir='ltr'>sit</span> <span class='ocrx_word' id='word_1_32' title='bbox 813 859 975 959; x_wconf 85' lang='lat' dir='ltr'>quisque</span> <span class='ocrx_word' id='word_1_33' title='bbox 997 870 1155 957; x_wconf 84' lang='lat' dir='ltr'>parente</span> <span class='ocrx_word' id='word_1_34' title='bbox 1243 867 1248 890; x_wconf 76' lang='grc'><strong>“</strong></span> 
     </span>
     <span class='ocr_line' id='line_1_6' title="bbox 155 982 1197 1084; baseline -0.004 -23"><span class='ocrx_word' id='word_1_35' title='bbox 155 986 288 1081; x_wconf 85' lang='lat' dir='ltr'>Natus,</span> <span class='ocrx_word' id='word_1_36' title='bbox 314 984 406 1081; x_wconf 83' lang='lat' dir='ltr'>dum</span> <span class='ocrx_word' id='word_1_37' title='bbox 429 985 637 1084; x_wconf 81' lang='lat' dir='ltr'>ingenuus3</span> <span class='ocrx_word' id='word_1_38' title='bbox 663 984 872 1082; x_wconf 79' lang='lat' dir='ltr'>persuades</span> <span class='ocrx_word' id='word_1_39' title='bbox 899 982 973 1057; x_wconf 89' lang='lat' dir='ltr'>hoo</span> <span class='ocrx_word' id='word_1_40' title='bbox 998 982 1071 1057; x_wconf 90' lang='lat' dir='ltr'>tibi</span> <span class='ocrx_word' id='word_1_41' title='bbox 1097 1008 1197 1076; x_wconf 90' lang='lat' dir='ltr'>vere,</span> 
     </span>
     <span class='ocr_line' id='line_1_7' title="bbox 156 1107 1160 1211; baseline -0.005 -25"><span class='ocrx_word' id='word_1_42' title='bbox 156 1108 260 1186; x_wconf 86' lang='lat' dir='ltr'>Ante</span> <span class='ocrx_word' id='word_1_43' title='bbox 281 1122 508 1211; x_wconf 83' lang='lat' dir='ltr'>potestatem</span> <span class='ocrx_word' id='word_1_44' title='bbox 533 1110 636 1186; x_wconf 84' lang='lat' dir='ltr'>Tulli</span> <span class='ocrx_word' id='word_1_45' title='bbox 660 1122 775 1208; x_wconf 89' lang='lat' dir='ltr'>atque</span> <span class='ocrx_word' id='word_1_46' title='bbox 800 1107 971 1206; x_wconf 86' lang='lat' dir='ltr'>ignobile</span> <span class='ocrx_word' id='word_1_47' title='bbox 998 1132 1160 1205; x_wconf 85' lang='lat' dir='ltr'>regnum</span> 
     </span>
    </p>

    <p class='ocr_par' dir='ltr' id='par_1_4' title="bbox 110 1229 1205 1832">
     <span class='ocr_line' id='line_1_8' title="bbox 110 1229 1072 1332; baseline 0.001 -28"><span class='ocrx_word' id='word_1_48' title='bbox 110 1268 135 1305; x_wconf 73' lang='lat' dir='ltr'>a</span> <span class='ocrx_word' id='word_1_49' title='bbox 157 1233 301 1311; x_wconf 89' lang='lat' dir='ltr'>Multos</span> <span class='ocrx_word' id='word_1_50' title='bbox 327 1229 443 1332; x_wconf 84' lang='lat' dir='ltr'>&#39;saepe</span> <span class='ocrx_word' id='word_1_51' title='bbox 464 1234 567 1310; x_wconf 87' lang='lat' dir='ltr'>viros</span> <span class='ocrx_word' id='word_1_52' title='bbox 593 1232 709 1309; x_wconf 90' lang='lat' dir='ltr'>nullis</span> <span class='ocrx_word' id='word_1_53' title='bbox 735 1233 942 1308; x_wconf 87' lang='lat' dir='ltr'>maioribus</span> <span class='ocrx_word' id='word_1_54' title='bbox 970 1244 1072 1307; x_wconf 88' lang='lat' dir='ltr'>ortos</span> 
     </span>
     <span class='ocr_line' id='line_1_9' title="bbox 154 1356 1185 1457; baseline -0.004 -23"><span class='ocrx_word' id='word_1_55' title='bbox 154 1360 203 1434; x_wconf 86' lang='lat' dir='ltr'>Et</span> <span class='ocrx_word' id='word_1_56' title='bbox 228 1360 367 1435; x_wconf 81' lang='lat' dir='ltr'>vixisse</span> <span class='ocrx_word' id='word_1_57' title='bbox 390 1358 546 1457; x_wconf 91' lang='lat' dir='ltr'>probos,</span> <span class='ocrx_word' id='word_1_58' title='bbox 573 1358 711 1456; x_wconf 88' lang='lat' dir='ltr'>amplis</span> <span class='ocrx_word' id='word_1_59' title='bbox 738 1370 776 1433; x_wconf 91' lang='lat' dir='ltr'>et</span> <span class='ocrx_word' id='word_1_60' title='bbox 800 1356 1010 1434; x_wconf 89' lang='lat' dir='ltr'>honoribus</span> <span class='ocrx_word' id='word_1_61' title='bbox 1037 1368 1185 1451; x_wconf 65' lang='lat' dir='ltr'>anoton</span> 
     </span>
     <span class='ocr_line' id='line_1_10' title="bbox 158 1480 1205 1580; baseline -0.007 -18"><span class='ocrx_word' id='word_1_62' title='bbox 158 1484 305 1563; x_wconf 80' lang='lat' dir='ltr'>Contra</span> <span class='ocrx_word' id='word_1_63' title='bbox 327 1482 550 1578; x_wconf 86' lang='lat' dir='ltr'>Laevinum,</span> <span class='ocrx_word' id='word_1_64' title='bbox 576 1482 706 1557; x_wconf 82' lang='lat' dir='ltr'>Valeri</span> <span class='ocrx_word' id='word_1_65' title='bbox 732 1506 863 1580; x_wconf 83' lang='lat' dir='ltr'>genus,</span> <span class='ocrx_word' id='word_1_66' title='bbox 891 1480 994 1555; x_wconf 91' lang='lat' dir='ltr'>unde</span> <span class='ocrx_word' id='word_1_67' title='bbox 1019 1482 1205 1577; x_wconf 85' lang='lat' dir='ltr'>superbus</span> 
     </span>
     <span class='ocr_line' id='line_1_11' title="bbox 155 1600 1085 1707; baseline -0.004 -25"><span class='ocrx_word' id='word_1_68' title='bbox 155 1606 389 1707; x_wconf 83' lang='lat' dir='ltr'>Tarquinius</span> <span class='ocrx_word' id='word_1_69' title='bbox 413 1632 536 1704; x_wconf 81' lang='lat' dir='ltr'>regno</span> <span class='ocrx_word' id='word_1_70' title='bbox 560 1600 694 1704; x_wconf 88' lang='lat' dir='ltr'>pulsus</span> <span class='ocrx_word' id='word_1_71' title='bbox 720 1606 830 1703; x_wconf 84' lang='lat' dir='ltr'>fugit,</span> <span class='ocrx_word' id='word_1_72' title='bbox 858 1605 970 1679; x_wconf 91' lang='lat' dir='ltr'>unius</span> <span class='ocrx_word' id='word_1_73' title='bbox 992 1604 1085 1679; x_wconf 86' lang='lat' dir='ltr'>assis</span> 
     </span>
     <span class='ocr_line' id='line_1_12' title="bbox 154 1731 1099 1832; baseline -0.002 -25"><span class='ocrx_word' id='word_1_74' title='bbox 154 1732 243 1807; x_wconf 89' lang='lat' dir='ltr'>Non</span> <span class='ocrx_word' id='word_1_75' title='bbox 269 1758 441 1832; x_wconf 85' lang='lat' dir='ltr'>unquam</span> <span class='ocrx_word' id='word_1_76' title='bbox 466 1735 593 1830; x_wconf 89' lang='lat' dir='ltr'>pretio</span> <span class='ocrx_word' id='word_1_77' title='bbox 618 1731 739 1828; x_wconf 89' lang='lat' dir='ltr'>pluris</span> <span class='ocrx_word' id='word_1_78' title='bbox 764 1731 918 1806; x_wconf 80' lang='lat' dir='ltr'>licuisse</span> <span class='ocrx_word' id='word_1_79' title='bbox 943 1742 1099 1805; x_wconf 86' lang='lat' dir='ltr'>notante</span> 
     </span>
    </p>

    <p class='ocr_par' dir='ltr' id='par_1_5' title="bbox 107 1850 1257 2203">
     <span class='ocr_line' id='line_1_13' title="bbox 107 1850 1157 1955; baseline 0.002 -28"><span class='ocrx_word' id='word_1_80' title='bbox 107 1890 130 1929; x_wconf 75' lang='lat' dir='ltr'>a</span> <span class='ocrx_word' id='word_1_81' title='bbox 155 1856 293 1932; x_wconf 79' lang='lat' dir='ltr'>Iudice</span> <span class='ocrx_word' id='word_1_82' title='bbox 320 1881 396 1955; x_wconf 91' lang='lat' dir='ltr'>quo</span> <span class='ocrx_word' id='word_1_83' title='bbox 423 1858 526 1932; x_wconf 90' lang='lat' dir='ltr'>nosti</span> <span class='ocrx_word' id='word_1_84' title='bbox 551 1856 709 1955; x_wconf 89' lang='lat' dir='ltr'>populo,</span> <span class='ocrx_word' id='word_1_85' title='bbox 727 1850 804 1955; x_wconf 57' lang='lat' dir='ltr'>&#39;qui</span> <span class='ocrx_word' id='word_1_86' title='bbox 829 1856 963 1939; x_wconf 87' lang='lat' dir='ltr'>stultus</span> <span class='ocrx_word' id='word_1_87' title='bbox 991 1856 1157 1931; x_wconf 88' lang='lat' dir='ltr'>honores</span> 
     </span>
     <span class='ocr_line' id='line_1_14' title="bbox 157 1979 1109 2081; baseline -0.005 -23"><span class='ocrx_word' id='word_1_88' title='bbox 157 1980 282 2079; x_wconf 81' lang='lat' dir='ltr'>Saepe</span> <span class='ocrx_word' id='word_1_89' title='bbox 307 1980 376 2056; x_wconf 83' lang='lat' dir='ltr'>dot</span> <span class='ocrx_word' id='word_1_90' title='bbox 397 1980 567 2080; x_wconf 80' lang='lat' dir='ltr'>indignis</span> <span class='ocrx_word' id='word_1_91' title='bbox 593 1994 631 2056; x_wconf 93' lang='lat' dir='ltr'>et</span> <span class='ocrx_word' id='word_1_92' title='bbox 656 1982 783 2056; x_wconf 84' lang='lat' dir='ltr'>famae</span> <span class='ocrx_word' id='word_1_93' title='bbox 809 1979 925 2055; x_wconf 90' lang='lat' dir='ltr'>servit</span> <span class='ocrx_word' id='word_1_94' title='bbox 946 1982 1109 2081; x_wconf 85' lang='lat' dir='ltr'>ineptus,</span> 
     </span>
     <span class='ocr_line' id='line_1_15' title="bbox 158 2102 1257 2203; baseline -0.002 -24"><span class='ocrx_word' id='word_1_95' title='bbox 158 2105 235 2199; x_wconf 88' lang='lat' dir='ltr'>Qui</span> <span class='ocrx_word' id='word_1_96' title='bbox 260 2116 388 2203; x_wconf 89' lang='lat' dir='ltr'>stupet</span> <span class='ocrx_word' id='word_1_97' title='bbox 412 2104 452 2179; x_wconf 89' lang='lat' dir='ltr'>in</span> <span class='ocrx_word' id='word_1_98' title='bbox 476 2103 595 2179; x_wconf 87' lang='lat' dir='ltr'>titulis</span> <span class='ocrx_word' id='word_1_99' title='bbox 623 2118 661 2179; x_wconf 89' lang='lat' dir='ltr'>et</span> <span class='ocrx_word' id='word_1_100' title='bbox 684 2102 928 2201; x_wconf 83' lang='lat' dir='ltr'>imaginibus.</span> <span class='ocrx_word' id='word_1_101' title='bbox 977 2102 1081 2196; x_wconf 82' lang='lat' dir='ltr'>Quid</span> <span class='ocrx_word' id='word_1_102' title='bbox 1107 2114 1257 2201; x_wconf 89' lang='lat' dir='ltr'>oportet</span> 
     </span>
    </p>
   </div>
   <div class='ocr_carea' id='block_1_3' title="bbox 97 2290 1394 3934">
    <p class='ocr_par' dir='ltr' id='par_1_6' title="bbox 97 2290 1394 3934">
     <span class='ocr_line' id='line_1_16' title="bbox 105 2290 1307 2363; baseline -0.003 -14"><span class='ocrx_word' id='word_1_103' title='bbox 105 2293 172 2349; x_wconf 84' lang='lat' dir='ltr'>ride</span> <span class='ocrx_word' id='word_1_104' title='bbox 193 2292 302 2349; x_wconf 74' lang='lat' dir='ltr'>Herod</span> <span class='ocrx_word' id='word_1_105' title='bbox 319 2291 346 2356; x_wconf 89' lang='lat'>1,</span> <span class='ocrx_word' id='word_1_106' title='bbox 365 2294 410 2348; x_wconf 74' lang='lat' dir='ltr'>ot.</span> <span class='ocrx_word' id='word_1_107' title='bbox 436 2322 471 2331; x_wconf 89' lang='lat'>-</span> <span class='ocrx_word' id='word_1_108' title='bbox 498 2291 575 2363; x_wconf 74' lang='lat' dir='ltr'>rear]</span> <span class='ocrx_word' id='word_1_109' title='bbox 603 2292 684 2347; x_wconf 85' lang='lat' dir='ltr'>eolis·</span> <span class='ocrx_word' id='word_1_110' title='bbox 732 2290 775 2346; x_wconf 87' lang='lat' dir='ltr'>De</span> <span class='ocrx_word' id='word_1_111' title='bbox 793 2291 842 2345; x_wconf 91' lang='lat' dir='ltr'>iiio</span> <span class='ocrx_word' id='word_1_112' title='bbox 862 2295 939 2346; x_wconf 85' lang='lat' dir='ltr'>reete</span> <span class='ocrx_word' id='word_1_113' title='bbox 950 2290 1121 2361; x_wconf 75' lang='lat' dir='ltr'>Madvigius:</span> <span class='ocrx_word' id='word_1_114' title='bbox 1143 2293 1239 2361; x_wconf 77' lang='lat' dir='ltr'>»patet</span> <span class='ocrx_word' id='word_1_115' title='bbox 1251 2290 1307 2345; x_wconf 87' lang='lat' dir='ltr'>iio·</span> 
     </span>
     <span class='ocr_line' id='line_1_17' title="bbox 104 2362 1305 2434; baseline -0.002 -15"><span class='ocrx_word' id='word_1_116' title='bbox 104 2364 174 2419; x_wconf 85' lang='lat' dir='ltr'>etivi</span> <span class='ocrx_word' id='word_1_117' title='bbox 207 2363 340 2419; x_wconf 82' lang='lat' dir='ltr'>rooebnii</span> <span class='ocrx_word' id='word_1_118' title='bbox 370 2363 521 2434; x_wconf 77' lang='lat' dir='ltr'>singularia</span> <span class='ocrx_word' id='word_1_119' title='bbox 550 2380 684 2418; x_wconf 84' lang='lat' dir='ltr'>numerus</span> <span class='ocrx_word' id='word_1_120' title='bbox 733 2363 837 2418; x_wconf 74' lang='lat' dir='ltr'>ratium</span> <span class='ocrx_word' id='word_1_121' title='bbox 861 2363 977 2419; x_wconf 87' lang='lat' dir='ltr'>libarius</span> <span class='ocrx_word' id='word_1_122' title='bbox 1004 2362 1148 2433; x_wconf 73' lang='lat' dir='ltr'>praesenti</span> <span class='ocrx_word' id='word_1_123' title='bbox 1170 2362 1305 2417; x_wconf 88' lang='lat' dir='ltr'>historieo</span> 
     </span>
     <span class='ocr_line' id='line_1_18' title="bbox 102 2432 1394 2506; baseline -0.002 -15"><span class='ocrx_word' id='word_1_124' title='bbox 102 2452 159 2505; x_wconf 85' lang='lat' dir='ltr'>pro</span> <span class='ocrx_word' id='word_1_125' title='bbox 169 2435 275 2506; x_wconf 75' lang='lat' dir='ltr'>plurali</span> <span class='ocrx_word' id='word_1_126' title='bbox 285 2435 408 2504; x_wconf 55' lang='lat' dir='ltr'>positum</span> <span class='ocrx_word' id='word_1_127' title='bbox 427 2436 473 2489; x_wconf 85' lang='lat' dir='ltr'>avi</span> <span class='ocrx_word' id='word_1_128' title='bbox 485 2435 558 2489; x_wconf 87' lang='lat' dir='ltr'>enim</span> <span class='ocrx_word' id='word_1_129' title='bbox 569 2435 683 2490; x_wconf 88' lang='lat' dir='ltr'>omnino</span> <span class='ocrx_word' id='word_1_130' title='bbox 732 2436 788 2499; x_wconf 87' lang='lat' dir='ltr'>uti,</span> <span class='ocrx_word' id='word_1_131' title='bbox 824 2450 881 2489; x_wconf 91' lang='lat' dir='ltr'>non</span> <span class='ocrx_word' id='word_1_132' title='bbox 914 2436 944 2489; x_wconf 87' lang='lat' dir='ltr'>in</span> <span class='ocrx_word' id='word_1_133' title='bbox 971 2434 1104 2488; x_wconf 76' lang='lat' dir='ltr'>continua</span> <span class='ocrx_word' id='word_1_134' title='bbox 1130 2438 1160 2487; x_wconf 90' lang='lat' dir='ltr'>et</span> <span class='ocrx_word' id='word_1_135' title='bbox 1188 2432 1306 2489; x_wconf 83' lang='lat' dir='ltr'>inoitata</span> <span class='ocrx_word' id='word_1_136' title='bbox 1391 2470 1394 2477; x_wconf 86' lang='lat'>·</span> 
     </span>
     <span class='ocr_line' id='line_1_19' title="bbox 102 2504 1305 2575; baseline 0 -14"><span class='ocrx_word' id='word_1_137' title='bbox 102 2508 227 2562; x_wconf 81' lang='lat' dir='ltr'>maiores</span> <span class='ocrx_word' id='word_1_138' title='bbox 240 2510 317 2570; x_wconf 72' lang='lat' dir='ltr'>sunt,</span> <span class='ocrx_word' id='word_1_139' title='bbox 333 2511 367 2561; x_wconf 83' lang='lat' dir='ltr'>nt</span> <span class='ocrx_word' id='word_1_140' title='bbox 382 2506 459 2575; x_wconf 79' lang='lat' dir='ltr'>apud</span> <span class='ocrx_word' id='word_1_141' title='bbox 468 2505 682 2561; x_wconf 75' lang='lat' dir='ltr'>Ovidinmliast.</span> <span class='ocrx_word' id='word_1_142' title='bbox 732 2505 902 2569; x_wconf 78' lang='lat' dir='ltr'>narratione,</span> <span class='ocrx_word' id='word_1_143' title='bbox 930 2505 1032 2559; x_wconf 82' lang='lat' dir='ltr'>sedin</span> <span class='ocrx_word' id='word_1_144' title='bbox 1061 2505 1141 2561; x_wconf 81' lang='lat' dir='ltr'>brevi</span> <span class='ocrx_word' id='word_1_145' title='bbox 1168 2504 1209 2559; x_wconf 89' lang='lat' dir='ltr'>rei</span> <span class='ocrx_word' id='word_1_146' title='bbox 1228 2522 1305 2575; x_wconf 76' lang='lat' dir='ltr'>prae·</span> 
     </span>
     <span class='ocr_line' id='line_1_20' title="bbox 102 2575 1306 2649; baseline -0.002 -15"><span class='ocrx_word' id='word_1_147' title='bbox 102 2578 140 2643; x_wconf 88' lang='lat' dir='ltr'>II,</span> <span class='ocrx_word' id='word_1_148' title='bbox 158 2582 210 2634; x_wconf 63' lang='grc' dir='ltr'>ὅθι</span> <span class='ocrx_word' id='word_1_149' title='bbox 246 2576 323 2633; x_wconf 81' lang='lat' dir='ltr'>»Hos</span> <span class='ocrx_word' id='word_1_150' title='bbox 341 2576 418 2648; x_wconf 78' lang='lat' dir='ltr'>apud</span> <span class='ocrx_word' id='word_1_151' title='bbox 434 2576 563 2634; x_wconf 84' lang='lat' dir='ltr'>intonsos</span> <span class='ocrx_word' id='word_1_152' title='bbox 580 2594 618 2634; x_wconf 91' lang='lat' dir='ltr'>no</span> <span class='ocrx_word' id='word_1_153' title='bbox 663 2596 682 2632; x_wconf 92' lang='lat' dir='ltr'>n</span> <span class='ocrx_word' id='word_1_154' title='bbox 732 2578 834 2633; x_wconf 84' lang='lat' dir='ltr'>teritae</span> <span class='ocrx_word' id='word_1_155' title='bbox 851 2575 1055 2649; x_wconf 77' lang='lat' dir='ltr'>significatione</span> <span class='ocrx_word' id='word_1_156' title='bbox 1080 2594 1132 2648; x_wconf 88' lang='lat' dir='ltr'>per</span> <span class='ocrx_word' id='word_1_157' title='bbox 1150 2592 1306 2648; x_wconf 86' lang='lat' dir='ltr'>pronomen</span> 
     </span>
     <span class='ocr_line' id='line_1_21' title="bbox 102 2648 1307 2714; baseline -0.002 -8"><span class='ocrx_word' id='word_1_158' title='bbox 102 2651 230 2706; x_wconf 61' lang='lat' dir='ltr'>habeut</span> <span class='ocrx_word' id='word_1_159' title='bbox 255 2667 350 2706; x_wconf 74' lang='lat' dir='ltr'>aros«</span> <span class='ocrx_word' id='word_1_160' title='bbox 396 2648 438 2704; x_wconf 79' lang='lat' dir='ltr'>Id</span> <span class='ocrx_word' id='word_1_161' title='bbox 461 2649 529 2704; x_wconf 86' lang='lat' dir='ltr'>Met.</span> <span class='ocrx_word' id='word_1_162' title='bbox 554 2648 601 2714; x_wconf 82' lang='lat' dir='ltr'>IV,</span> <span class='ocrx_word' id='word_1_163' title='bbox 620 2653 638 2704; x_wconf 98' lang='lat'>4</span> <span class='ocrx_word' id='word_1_164' title='bbox 658 2654 682 2705; x_wconf 90' lang='lat' dir='ltr'>l.</span> <span class='ocrx_word' id='word_1_165' title='bbox 732 2651 880 2704; x_wconf 83' lang='lat' dir='ltr'>relativum</span> <span class='ocrx_word' id='word_1_166' title='bbox 897 2648 1054 2706; x_wconf 75' lang='lat' dir='ltr'>interieota</span> <span class='ocrx_word' id='word_1_167' title='bbox 1102 2649 1164 2704; x_wconf 84' lang='lat' dir='ltr'>Non</span> <span class='ocrx_word' id='word_1_168' title='bbox 1196 2649 1307 2705; x_wconf 84' lang='lat' dir='ltr'>dubita·</span> 
     </span>
     <span class='ocr_line' id='line_1_22' title="bbox 100 2719 1306 2793; baseline 0 -17"><span class='ocrx_word' id='word_1_169' title='bbox 100 2723 162 2788; x_wconf 83' lang='lat' dir='ltr'>XV,</span> <span class='ocrx_word' id='word_1_170' title='bbox 183 2725 249 2776; x_wconf 74' lang='lat'>425.</span> <span class='ocrx_word' id='word_1_171' title='bbox 267 2750 302 2762; x_wconf 96' lang='lat'><em>-</em></span> <span class='ocrx_word' id='word_1_172' title='bbox 329 2722 530 2793; x_wconf 60' lang='lat' dir='ltr'>imperitarent]</span> <span class='ocrx_word' id='word_1_173' title='bbox 548 2721 583 2777; x_wconf 93' lang='lat' dir='ltr'>In</span> <span class='ocrx_word' id='word_1_174' title='bbox 599 2721 682 2776; x_wconf 80' lang='lat' dir='ltr'>codd.</span> <span class='ocrx_word' id='word_1_175' title='bbox 732 2721 823 2777; x_wconf 89' lang='lat' dir='ltr'>bimus</span> <span class='ocrx_word' id='word_1_176' title='bbox 852 2721 947 2792; x_wconf 74' lang='lat' dir='ltr'>igitur,</span> <span class='ocrx_word' id='word_1_177' title='bbox 978 2720 1045 2790; x_wconf 87' lang='lat' dir='ltr'>quin</span> <span class='ocrx_word' id='word_1_178' title='bbox 1073 2719 1149 2774; x_wconf 86' lang='lat' dir='ltr'>idem</span> <span class='ocrx_word' id='word_1_179' title='bbox 1172 2719 1306 2776; x_wconf 83' lang='lat' dir='ltr'>Horatius</span> 
     </span>
     <span class='ocr_line' id='line_1_23' title="bbox 99 2791 1304 2866; baseline -0.002 -18"><span class='ocrx_word' id='word_1_180' title='bbox 99 2795 192 2848; x_wconf 78' lang='lat' dir='ltr'>etiam</span> <span class='ocrx_word' id='word_1_181' title='bbox 212 2797 399 2862; x_wconf 62' lang='lat' dir='ltr'>{neptricum</span> <span class='ocrx_word' id='word_1_182' title='bbox 424 2799 454 2847; x_wconf 87' lang='lat' dir='ltr'>at</span> <span class='ocrx_word' id='word_1_183' title='bbox 476 2798 683 2866; x_wconf 61' lang='lat' dir='ltr'>inperitorum</span> <span class='ocrx_word' id='word_1_184' title='bbox 732 2811 816 2847; x_wconf 84' lang='lat' dir='ltr'>ausus</span> <span class='ocrx_word' id='word_1_185' title='bbox 842 2793 879 2846; x_wconf 83' lang='lat' dir='ltr'>sit</span> <span class='ocrx_word' id='word_1_186' title='bbox 906 2795 971 2862; x_wconf 83' lang='lat' dir='ltr'>post</span> <span class='ocrx_word' id='word_1_187' title='bbox 995 2791 1217 2847; x_wconf 77' lang='lat' dir='ltr'>coniunctionem</span> <span class='ocrx_word' id='word_1_188' title='bbox 1236 2813 1304 2856; x_wconf 75' lang='lat' dir='ltr'>oum,</span> 
     </span>
     <span class='ocr_line' id='line_1_24' title="bbox 99 2863 1305 2935; baseline -0.002 -15"><span class='ocrx_word' id='word_1_189' title='bbox 99 2869 257 2934; x_wconf 81' lang='lat' dir='ltr'>utrumque</span> <span class='ocrx_word' id='word_1_190' title='bbox 273 2863 385 2918; x_wconf 80' lang='lat' dir='ltr'>falsum.</span> <span class='ocrx_word' id='word_1_191' title='bbox 414 2893 448 2904; x_wconf 90' lang='lat'>-</span> <span class='ocrx_word' id='word_1_192' title='bbox 473 2870 577 2935; x_wconf 67' lang='lat' dir='ltr'>nupsit</span> <span class='ocrx_word' id='word_1_193' title='bbox 598 2867 682 2934; x_wconf 74' lang='lat' dir='ltr'>lapio-</span> <span class='ocrx_word' id='word_1_194' title='bbox 751 2864 942 2934; x_wconf 68' lang='lat' dir='ltr'>mentisque</span> <span class='ocrx_word' id='word_1_195' title='bbox 964 2863 1003 2920; x_wconf 83' lang='lat' dir='ltr'>sit</span> <span class='ocrx_word' id='word_1_196' title='bbox 1022 2863 1157 2933; x_wconf 87' lang='lat' dir='ltr'>temporis</span> <span class='ocrx_word' id='word_1_197' title='bbox 1175 2865 1258 2928; x_wconf 78' lang='lat' dir='ltr'>donat</span> <span class='ocrx_word' id='word_1_198' title='bbox 1274 2863 1305 2918; x_wconf 91' lang='lat' dir='ltr'>in</span> 
     </span>
     <span class='ocr_line' id='line_1_25' title="bbox 100 2883 1301 3006; baseline -0.003 -14"><span class='ocrx_word' id='word_1_199' title='bbox 100 2936 193 3005; x_wconf 68' lang='lat' dir='ltr'>nim]</span> <span class='ocrx_word' id='word_1_200' title='bbox 219 2934 277 2989; x_wconf 82' lang='lat' dir='ltr'>Sal.</span> <span class='ocrx_word' id='word_1_201' title='bbox 301 2933 361 2989; x_wconf 74' lang='lat' dir='ltr'>cat.</span> <span class='ocrx_word' id='word_1_202' title='bbox 382 2937 430 2990; x_wconf 71' lang='grc' dir='ltr'>ὅθι</span> <span class='ocrx_word' id='word_1_203' title='bbox 462 2934 682 3006; x_wconf 84' lang='lat' dir='ltr'>»Saepenumero</span> <span class='ocrx_word' id='word_1_204' title='bbox 731 2883 790 2990; x_wconf 63' lang='lat' dir='ltr'>iat.</span> <span class='ocrx_word' id='word_1_205' title='bbox 808 2935 830 3002; x_wconf 92' lang='lat'>1,</span> <span class='ocrx_word' id='word_1_206' title='bbox 849 2939 875 3004; x_wconf 80' lang='lat'>2,</span> <span class='ocrx_word' id='word_1_207' title='bbox 896 2937 930 2989; x_wconf 81' lang='lat' dir='ltr'>oo</span> <span class='ocrx_word' id='word_1_208' title='bbox 954 2939 984 2989; x_wconf 90' lang='lat' dir='ltr'>et</span> <span class='ocrx_word' id='word_1_209' title='bbox 1007 2939 1120 2988; x_wconf 68' lang='lat' dir='ltr'>adorati</span> <span class='ocrx_word' id='word_1_210' title='bbox 1140 2934 1170 2987; x_wconf 89' lang='lat' dir='ltr'>in</span> <span class='ocrx_word' id='word_1_211' title='bbox 1190 2933 1247 2988; x_wconf 82' lang='lat' dir='ltr'>Sat.</span> <span class='ocrx_word' id='word_1_212' title='bbox 1267 2934 1301 2999; x_wconf 87' lang='lat'>11,</span> 
     </span>
     <span class='ocr_line' id='line_1_26' title="bbox 98 3003 1304 3078; baseline 0.001 -19"><span class='ocrx_word' id='word_1_213' title='bbox 98 3025 193 3078; x_wconf 75' lang='lat' dir='ltr'>parra</span> <span class='ocrx_word' id='word_1_214' title='bbox 209 3023 297 3060; x_wconf 71' lang='lat' dir='ltr'>manu</span> <span class='ocrx_word' id='word_1_215' title='bbox 314 3023 378 3060; x_wconf 84' lang='lat' dir='ltr'>oum</span> <span class='ocrx_word' id='word_1_216' title='bbox 395 3007 505 3077; x_wconf 73' lang='lat' dir='ltr'>mugnis</span> <span class='ocrx_word' id='word_1_217' title='bbox 522 3007 682 3078; x_wconf 76' lang='lat' dir='ltr'>legionibus</span> <span class='ocrx_word' id='word_1_218' title='bbox 731 3011 757 3072; x_wconf 81' lang='lat'>3,</span> <span class='ocrx_word' id='word_1_219' title='bbox 775 3010 836 3062; x_wconf 85' lang='lat'>61.‹</span> <span class='ocrx_word' id='word_1_220' title='bbox 870 3005 903 3061; x_wconf 82' lang='lat' dir='ltr'>of.</span> <span class='ocrx_word' id='word_1_221' title='bbox 924 3006 986 3060; x_wconf 90' lang='lat' dir='ltr'>Tib.</span> <span class='ocrx_word' id='word_1_222' title='bbox 996 3005 1031 3071; x_wconf 92' lang='lat' dir='ltr'>Il,</span> <span class='ocrx_word' id='word_1_223' title='bbox 1041 3009 1068 3072; x_wconf 88' lang='lat'>4,</span> <span class='ocrx_word' id='word_1_224' title='bbox 1075 3007 1124 3060; x_wconf 80' lang='lat'>55:</span> <span class='ocrx_word' id='word_1_225' title='bbox 1146 3003 1304 3074; x_wconf 78' lang='lat' dir='ltr'>»Quidquid</span> 
     </span>
     <span class='ocr_line' id='line_1_27' title="bbox 98 3076 1303 3148; baseline -0.001 -15"><span class='ocrx_word' id='word_1_226' title='bbox 98 3079 229 3134; x_wconf 77' lang='lat' dir='ltr'>hostium</span> <span class='ocrx_word' id='word_1_227' title='bbox 245 3077 449 3132; x_wconf 86' lang='lat' dir='ltr'>oontendisse.‹</span> <span class='ocrx_word' id='word_1_228' title='bbox 495 3076 591 3132; x_wconf 76' lang='lat' dir='ltr'>Etiam</span> <span class='ocrx_word' id='word_1_229' title='bbox 607 3079 682 3148; x_wconf 87' lang='lat' dir='ltr'>apud</span> <span class='ocrx_word' id='word_1_230' title='bbox 731 3082 808 3133; x_wconf 77' lang='lat' dir='ltr'>latet</span> <span class='ocrx_word' id='word_1_231' title='bbox 827 3077 915 3140; x_wconf 77' lang='lat' dir='ltr'>oiroe,</span> <span class='ocrx_word' id='word_1_232' title='bbox 943 3077 1011 3148; x_wconf 89' lang='lat' dir='ltr'>quid</span> <span class='ocrx_word' id='word_1_233' title='bbox 1032 3077 1081 3131; x_wconf 88' lang='lat' dir='ltr'>uid</span> <span class='ocrx_word' id='word_1_234' title='bbox 1100 3076 1200 3131; x_wconf 80' lang='lat' dir='ltr'>Medea</span> <span class='ocrx_word' id='word_1_235' title='bbox 1222 3093 1303 3132; x_wconf 82' lang='lat' dir='ltr'>vene·</span> 
     </span>
     <span class='ocr_line' id='line_1_28' title="bbox 98 3095 1301 3220; baseline 0 -16"><span class='ocrx_word' id='word_1_236' title='bbox 98 3150 213 3204; x_wconf 67' lang='lat' dir='ltr'>Isivium</span> <span class='ocrx_word' id='word_1_237' title='bbox 235 3149 271 3212; x_wconf 85' lang='lat' dir='ltr'>X,</span> <span class='ocrx_word' id='word_1_238' title='bbox 289 3151 307 3202; x_wconf 78' lang='lat' dir='ltr'>b</span> <span class='ocrx_word' id='word_1_239' title='bbox 325 3153 445 3218; x_wconf 77' lang='lat' dir='ltr'>lepimr</span> <span class='ocrx_word' id='word_1_240' title='bbox 463 3152 529 3202; x_wconf 82' lang='lat' dir='ltr'>sunt</span> <span class='ocrx_word' id='word_1_241' title='bbox 546 3149 681 3205; x_wconf 69' lang='lat' dir='ltr'>Etrusco</span> <span class='ocrx_word' id='word_1_242' title='bbox 730 3149 786 3205; x_wconf 65' lang='lat' dir='ltr'>nis</span> <span class='ocrx_word' id='word_1_243' title='bbox 807 3147 887 3204; x_wconf 80' lang='lat' dir='ltr'>Ovid.</span> <span class='ocrx_word' id='word_1_244' title='bbox 906 3149 974 3204; x_wconf 83' lang='lat' dir='ltr'>Met.</span> <span class='ocrx_word' id='word_1_245' title='bbox 984 3095 1044 3217; x_wconf 83' lang='lat' dir='ltr'>Vii,</span> <span class='ocrx_word' id='word_1_246' title='bbox 1054 3151 1115 3204; x_wconf 77' lang='lat'>290.</span> <span class='ocrx_word' id='word_1_247' title='bbox 1130 3178 1162 3188; x_wconf 82' lang='lat'>-</span> <span class='ocrx_word' id='word_1_248' title='bbox 1177 3147 1301 3220; x_wconf 72' lang='lat' dir='ltr'>iterim]</span> 
     </span>
     <span class='ocr_line' id='line_1_29' title="bbox 97 3218 1304 3287; baseline 0 -12"><span class='ocrx_word' id='word_1_249' title='bbox 97 3237 176 3287; x_wconf 79' lang='lat' dir='ltr'>ran,</span> <span class='ocrx_word' id='word_1_250' title='bbox 198 3223 235 3275; x_wconf 84' lang='lat' dir='ltr'>nt</span> <span class='ocrx_word' id='word_1_251' title='bbox 261 3220 439 3275; x_wconf 80' lang='lat' dir='ltr'>Bruttiorum</span> <span class='ocrx_word' id='word_1_252' title='bbox 456 3223 486 3274; x_wconf 93' lang='lat' dir='ltr'>et</span> <span class='ocrx_word' id='word_1_253' title='bbox 503 3219 680 3275; x_wconf 78' lang='lat' dir='ltr'>Luoanorum</span> <span class='ocrx_word' id='word_1_254' title='bbox 729 3221 830 3276; x_wconf 65' lang='lat' dir='ltr'>lairere</span> <span class='ocrx_word' id='word_1_255' title='bbox 849 3222 965 3276; x_wconf 77' lang='lat' dir='ltr'>verbum</span> <span class='ocrx_word' id='word_1_256' title='bbox 986 3220 1077 3274; x_wconf 88' lang='lat' dir='ltr'>looum</span> <span class='ocrx_word' id='word_1_257' title='bbox 1101 3219 1186 3274; x_wconf 73' lang='lat' dir='ltr'>habet</span> <span class='ocrx_word' id='word_1_258' title='bbox 1209 3218 1239 3273; x_wconf 89' lang='lat' dir='ltr'>in</span> <span class='ocrx_word' id='word_1_259' title='bbox 1257 3236 1304 3275; x_wconf 84' lang='lat' dir='ltr'>re·</span> 
     </span>
     <span class='ocr_line' id='line_1_30' title="bbox 98 3289 1304 3362; baseline 0 -16"><span class='ocrx_word' id='word_1_260' title='bbox 98 3292 183 3356; x_wconf 83' lang='lat' dir='ltr'>vm,</span> <span class='ocrx_word' id='word_1_261' title='bbox 201 3295 248 3346; x_wconf 76' lang='lat'>24.</span> <span class='ocrx_word' id='word_1_262' title='bbox 276 3321 309 3330; x_wconf 93' lang='lat'>-</span> <span class='ocrx_word' id='word_1_263' title='bbox 340 3290 420 3362; x_wconf 74' lang='lat' dir='ltr'>uro]</span> <span class='ocrx_word' id='word_1_264' title='bbox 445 3291 501 3346; x_wconf 83' lang='lat' dir='ltr'>Sat</span> <span class='ocrx_word' id='word_1_265' title='bbox 519 3290 561 3356; x_wconf 91' lang='lat'>11,</span> <span class='ocrx_word' id='word_1_266' title='bbox 585 3295 619 3358; x_wconf 84' lang='lat'>8,</span> <span class='ocrx_word' id='word_1_267' title='bbox 636 3294 679 3346; x_wconf 83' lang='lat'>64.</span> <span class='ocrx_word' id='word_1_268' title='bbox 729 3291 954 3360; x_wconf 79' lang='lat' dir='ltr'>basrenaiibus3</span> <span class='ocrx_word' id='word_1_269' title='bbox 973 3307 1058 3360; x_wconf 80' lang='lat' dir='ltr'>quere</span> <span class='ocrx_word' id='word_1_270' title='bbox 1073 3289 1208 3346; x_wconf 78' lang='lat' dir='ltr'>vilissimo</span> <span class='ocrx_word' id='word_1_271' title='bbox 1226 3307 1304 3346; x_wconf 88' lang='lat' dir='ltr'>man·</span> 
     </span>
     <span class='ocr_line' id='line_1_31' title="bbox 98 3361 1303 3434; baseline 0 -16"><span class='ocrx_word' id='word_1_272' title='bbox 98 3363 176 3418; x_wconf 86' lang='lat' dir='ltr'>Piin.</span> <span class='ocrx_word' id='word_1_273' title='bbox 192 3363 230 3418; x_wconf 77' lang='grc' dir='ltr'>Η.</span> <span class='ocrx_word' id='word_1_274' title='bbox 248 3362 282 3416; x_wconf 77' lang='lat' dir='ltr'>ii.</span> <span class='ocrx_word' id='word_1_275' title='bbox 300 3361 410 3427; x_wconf 76' lang='lat' dir='ltr'>X1,ot‚</span> <span class='ocrx_word' id='word_1_276' title='bbox 428 3365 477 3417; x_wconf 74' lang='lat'>69:</span> <span class='ocrx_word' id='word_1_277' title='bbox 508 3362 597 3417; x_wconf 78' lang='lat' dir='ltr'>»Nori</span> <span class='ocrx_word' id='word_1_278' title='bbox 621 3381 680 3418; x_wconf 90' lang='lat' dir='ltr'>mo·</span> <span class='ocrx_word' id='word_1_279' title='bbox 729 3363 804 3434; x_wconf 77' lang='lat' dir='ltr'>cipio</span> <span class='ocrx_word' id='word_1_280' title='bbox 821 3367 909 3434; x_wconf 79' lang='lat' dir='ltr'>negat</span> <span class='ocrx_word' id='word_1_281' title='bbox 924 3361 1068 3417; x_wconf 83' lang='lat' dir='ltr'>moliorem</span> <span class='ocrx_word' id='word_1_282' title='bbox 1085 3361 1180 3416; x_wconf 81' lang='lat' dir='ltr'>iuirso.</span> <span class='ocrx_word' id='word_1_283' title='bbox 1200 3391 1233 3401; x_wconf 93' lang='lat'>-</span> <span class='ocrx_word' id='word_1_284' title='bbox 1251 3383 1303 3433; x_wconf 71' lang='lat' dir='ltr'>quo</span> 
     </span>
     <span class='ocr_line' id='line_1_32' title="bbox 99 3431 1301 3505; baseline 0 -14"><span class='ocrx_word' id='word_1_285' title='bbox 99 3453 148 3490; x_wconf 75' lang='lat' dir='ltr'>res</span> <span class='ocrx_word' id='word_1_286' title='bbox 166 3431 306 3490; x_wconf 77' lang='lat' dir='ltr'>subdolae</span> <span class='ocrx_word' id='word_1_287' title='bbox 325 3433 451 3488; x_wconf 84' lang='lat' dir='ltr'>irrisioni</span> <span class='ocrx_word' id='word_1_288' title='bbox 474 3433 605 3489; x_wconf 75' lang='lat' dir='ltr'>dicavere</span> <span class='ocrx_word' id='word_1_289' title='bbox 631 3451 680 3489; x_wconf 85' lang='lat' dir='ltr'>na·</span> <span class='ocrx_word' id='word_1_290' title='bbox 729 3435 813 3505; x_wconf 73' lang='lat' dir='ltr'>norat]</span> <span class='ocrx_word' id='word_1_291' title='bbox 832 3435 973 3490; x_wconf 80' lang='lat' dir='ltr'>Attraotio</span> <span class='ocrx_word' id='word_1_292' title='bbox 986 3433 1099 3489; x_wconf 81' lang='lat' dir='ltr'>Graeais</span> <span class='ocrx_word' id='word_1_293' title='bbox 1111 3432 1301 3491; x_wconf 82' lang='lat' dir='ltr'>usitatissima.</span> 
     </span>
     <span class='ocr_line' id='line_1_33' title="bbox 99 3504 1302 3573; baseline -0.002 -11"><span class='ocrx_word' id='word_1_294' title='bbox 99 3523 188 3562; x_wconf 77' lang='lat' dir='ltr'>sm«</span> <span class='ocrx_word' id='word_1_295' title='bbox 237 3505 318 3559; x_wconf 82' lang='lat' dir='ltr'>Pers.</span> <span class='ocrx_word' id='word_1_296' title='bbox 334 3504 358 3572; x_wconf 83' lang='lat'>1,</span> <span class='ocrx_word' id='word_1_297' title='bbox 377 3507 426 3558; x_wconf 88' lang='lat'>41:</span> <span class='ocrx_word' id='word_1_298' title='bbox 452 3505 563 3569; x_wconf 63' lang='lat' dir='ltr'>»ii-ides,</span> <span class='ocrx_word' id='word_1_299' title='bbox 581 3507 632 3566; x_wconf 76' lang='lat' dir='ltr'>ait,</span> <span class='ocrx_word' id='word_1_300' title='bbox 649 3511 680 3560; x_wconf 88' lang='lat' dir='ltr'>et</span> <span class='ocrx_word' id='word_1_301' title='bbox 730 3507 764 3561; x_wconf 87' lang='lat' dir='ltr'>oi.</span> <span class='ocrx_word' id='word_1_302' title='bbox 785 3505 842 3560; x_wconf 86' lang='lat' dir='ltr'>Cio.</span> <span class='ocrx_word' id='word_1_303' title='bbox 862 3505 900 3559; x_wconf 83' lang='lat' dir='ltr'>ad</span> <span class='ocrx_word' id='word_1_304' title='bbox 917 3507 977 3560; x_wconf 84' lang='lat' dir='ltr'>Att.</span> <span class='ocrx_word' id='word_1_305' title='bbox 996 3505 1030 3570; x_wconf 88' lang='lat' dir='ltr'>X,</span> <span class='ocrx_word' id='word_1_306' title='bbox 1054 3509 1079 3573; x_wconf 89' lang='lat'>8,</span> <span class='ocrx_word' id='word_1_307' title='bbox 1098 3509 1129 3560; x_wconf 84' lang='lat'>7:</span> <span class='ocrx_word' id='word_1_308' title='bbox 1150 3504 1219 3559; x_wconf 81' lang='lat' dir='ltr'>»hoo</span> <span class='ocrx_word' id='word_1_309' title='bbox 1235 3522 1302 3560; x_wconf 83' lang='lat' dir='ltr'>oon·</span> 
     </span>
     <span class='ocr_line' id='line_1_34' title="bbox 98 3575 1302 3648; baseline -0.004 -16"><span class='ocrx_word' id='word_1_310' title='bbox 98 3578 185 3632; x_wconf 81' lang='lat' dir='ltr'>nimis</span> <span class='ocrx_word' id='word_1_311' title='bbox 202 3575 415 3631; x_wconf 75' lang='lat' dir='ltr'>unoisblnribus</span> <span class='ocrx_word' id='word_1_312' title='bbox 431 3575 585 3648; x_wconf 73' lang='lat' dir='ltr'>indulges«</span> <span class='ocrx_word' id='word_1_313' title='bbox 610 3578 679 3633; x_wconf 88' lang='lat' dir='ltr'>ibid.</span> <span class='ocrx_word' id='word_1_314' title='bbox 728 3577 871 3632; x_wconf 86' lang='lat' dir='ltr'>firmamus</span> <span class='ocrx_word' id='word_1_315' title='bbox 884 3577 934 3632; x_wconf 93' lang='lat' dir='ltr'>iiio</span> <span class='ocrx_word' id='word_1_316' title='bbox 946 3577 1072 3646; x_wconf 77' lang='lat' dir='ltr'>augurio,</span> <span class='ocrx_word' id='word_1_317' title='bbox 1084 3594 1139 3646; x_wconf 86' lang='lat' dir='ltr'>quo</span> <span class='ocrx_word' id='word_1_318' title='bbox 1156 3575 1302 3633; x_wconf 76' lang='lat' dir='ltr'>diximus«</span> 
     </span>
     <span class='ocr_line' id='line_1_35' title="bbox 101 3647 1304 3740; baseline -0.005 -36"><span class='ocrx_word' id='word_1_319' title='bbox 101 3651 169 3704; x_wconf 79' lang='lat' dir='ltr'>uo:</span> <span class='ocrx_word' id='word_1_320' title='bbox 198 3663 335 3704; x_wconf 69' lang='lat' dir='ltr'>»musso</span> <span class='ocrx_word' id='word_1_321' title='bbox 351 3647 487 3717; x_wconf 81' lang='lat' dir='ltr'>populum</span> <span class='ocrx_word' id='word_1_322' title='bbox 510 3649 680 3718; x_wconf 83' lang='lat' dir='ltr'>suspendere</span> <span class='ocrx_word' id='word_1_323' title='bbox 729 3648 840 3732; x_wconf 70' lang='lat' dir='ltr'>Terent.</span> <span class='ocrx_word' id='word_1_324' title='bbox 864 3649 1016 3703; x_wconf 78' lang='lat' dir='ltr'>Heautont.</span> <span class='ocrx_word' id='word_1_325' title='bbox 1045 3648 1072 3712; x_wconf 93' lang='lat'>1,</span> <span class='ocrx_word' id='word_1_326' title='bbox 1092 3653 1129 3732; x_wconf 30' lang='lat' dir='ltr'>Ul,</span> <span class='ocrx_word' id='word_1_327' title='bbox 1156 3650 1213 3732; x_wconf 57' lang='grc' dir='ltr'>3ᾷῇ</span> <span class='ocrx_word' id='word_1_328' title='bbox 1237 3649 1304 3740; x_wconf 69' lang='lat' dir='ltr'>»hap</span> 
     </span>
     <span class='ocr_line' id='line_1_36' title="bbox 98 3717 1303 3864; baseline -0.001 -17"><span class='ocrx_word' id='word_1_329' title='bbox 98 3737 252 3847; x_wconf 67' lang='lat' dir='ltr'>uz..</span> <span class='ocrx_word' id='word_1_330' title='bbox 267 3717 679 3872; x_wconf 58' lang='lat' dir='ltr'>metuunt</span> <span class='ocrx_word' id='word_1_331' title='bbox 729 3719 1240 3864; x_wconf 68' lang='lat' dir='ltr'>rtttr.n⁰⁸t..u⁶u..tit</span> <span class='ocrx_word' id='word_1_332' title='bbox 1259 3751 1303 3859; x_wconf 65' lang='lat' dir='ltr'>s,</span> 
     </span>
     <span class='ocr_line' id='line_1_37' title="bbox 101 3861 1301 3934; baseline 0.002 -17"><span class='ocrx_word' id='word_1_333' title='bbox 101 3879 226 3933; x_wconf 75' lang='lat' dir='ltr'>unquam</span> <span class='ocrx_word' id='word_1_334' title='bbox 243 3861 442 3916; x_wconf 80' lang='lat' dir='ltr'>libertinorum</span> <span class='ocrx_word' id='word_1_335' title='bbox 457 3862 614 3917; x_wconf 86' lang='lat' dir='ltr'>adhibitum</span> <span class='ocrx_word' id='word_1_336' title='bbox 641 3864 678 3918; x_wconf 85' lang='lat' dir='ltr'>ab</span> <span class='ocrx_word' id='word_1_337' title='bbox 728 3865 772 3917; x_wconf 82' lang='lat'>24.</span> <span class='ocrx_word' id='word_1_338' title='bbox 801 3891 832 3902; x_wconf 89' lang='lat'>—</span> <span class='ocrx_word' id='word_1_339' title='bbox 859 3862 974 3934; x_wconf 76' lang='lat' dir='ltr'>oportet]</span> <span class='ocrx_word' id='word_1_340' title='bbox 1000 3861 1114 3916; x_wconf 84' lang='lat' dir='ltr'>Laehm.</span> <span class='ocrx_word' id='word_1_341' title='bbox 1134 3863 1169 3917; x_wconf 90' lang='lat' dir='ltr'>ad</span> <span class='ocrx_word' id='word_1_342' title='bbox 1188 3863 1301 3919; x_wconf 85' lang='lat' dir='ltr'>Lueret.</span> 
     </span>
    </p>
   </div>
   <div class='ocr_carea' id='block_1_4' title="bbox 1 3933 1301 4005">
    <p class='ocr_par' dir='ltr' id='par_1_7' title="bbox 1 3933 1301 4005">
     <span class='ocr_line' id='line_1_38' title="bbox 1 3933 1301 4005; baseline 0.002 -17"><span class='ocrx_word' id='word_1_343' title='bbox 1 3946 3 3974; x_wconf 62' lang='lat' dir='ltr'>t</span> <span class='ocrx_word' id='word_1_344' title='bbox 99 3935 231 4005; x_wconf 65' lang='lat' dir='ltr'>Arpano</span> <span class='ocrx_word' id='word_1_345' title='bbox 252 3947 367 3996; x_wconf 72' lang='lat' dir='ltr'>ooenne,</span> <span class='ocrx_word' id='word_1_346' title='bbox 391 3937 510 4003; x_wconf 81' lang='lat' dir='ltr'>exeepto</span> <span class='ocrx_word' id='word_1_347' title='bbox 527 3933 612 3989; x_wconf 81' lang='lat' dir='ltr'>Mena</span> <span class='ocrx_word' id='word_1_348' title='bbox 628 3935 679 3989; x_wconf 86' lang='lat' dir='ltr'>sed</span> <span class='ocrx_word' id='word_1_349' title='bbox 728 3953 754 4004; x_wconf 92' lang='lat' dir='ltr'>p.</span> <span class='ocrx_word' id='word_1_350' title='bbox 766 3938 814 3988; x_wconf 74' lang='lat' dir='ltr'>oi:</span> <span class='ocrx_word' id='word_1_351' title='bbox 836 3933 961 3989; x_wconf 78' lang='lat' dir='ltr'>»aooedit</span> <span class='ocrx_word' id='word_1_352' title='bbox 975 3933 1050 4003; x_wconf 88' lang='lat' dir='ltr'>quod</span> <span class='ocrx_word' id='word_1_353' title='bbox 1066 3933 1119 3989; x_wconf 85' lang='lat' dir='ltr'>hoo</span> <span class='ocrx_word' id='word_1_354' title='bbox 1133 3933 1195 4003; x_wconf 89' lang='lat' dir='ltr'>ipso</span> <span class='ocrx_word' id='word_1_355' title='bbox 1205 3935 1301 4002; x_wconf 83' lang='lat' dir='ltr'>verbo,</span> 
     </span>
    </p>
   </div>
   <div class='ocr_carea' id='block_1_5' title="bbox 101 4004 1302 4077">
    <p class='ocr_par' dir='ltr' id='par_1_8' title="bbox 101 4004 1302 4077">
     <span class='ocr_line' id='line_1_39' title="bbox 101 4004 1302 4077; baseline 0.001 -17"><span class='ocrx_word' id='word_1_356' title='bbox 101 4011 211 4060; x_wconf 73' lang='lat' dir='ltr'>merto</span> <span class='ocrx_word' id='word_1_357' title='bbox 226 4005 260 4060; x_wconf 80' lang='lat' dir='ltr'>in</span> <span class='ocrx_word' id='word_1_358' title='bbox 277 4004 506 4073; x_wconf 72' lang='lat' dir='ltr'>ingenuitatem«</span> <span class='ocrx_word' id='word_1_359' title='bbox 544 4005 616 4061; x_wconf 86' lang='lat' dir='ltr'>Vide</span> <span class='ocrx_word' id='word_1_360' title='bbox 634 4023 678 4061; x_wconf 83' lang='lat' dir='ltr'>su·</span> <span class='ocrx_word' id='word_1_361' title='bbox 728 4006 803 4075; x_wconf 89' lang='lat' dir='ltr'>quod</span> <span class='ocrx_word' id='word_1_362' title='bbox 823 4009 867 4060; x_wconf 79' lang='lat' dir='ltr'>ert</span> <span class='ocrx_word' id='word_1_363' title='bbox 886 4016 999 4077; x_wconf 77' lang='lat' dir='ltr'>oportet,</span> <span class='ocrx_word' id='word_1_364' title='bbox 1018 4023 1059 4072; x_wconf 85' lang='lat' dir='ltr'>aa,</span> <span class='ocrx_word' id='word_1_365' title='bbox 1072 4009 1149 4075; x_wconf 88' lang='lat' dir='ltr'>puto,</span> <span class='ocrx_word' id='word_1_366' title='bbox 1165 4005 1199 4060; x_wconf 91' lang='lat' dir='ltr'>de</span> <span class='ocrx_word' id='word_1_367' title='bbox 1217 4023 1302 4062; x_wconf 86' lang='lat' dir='ltr'>eausa</span> 
     </span>
    </p>
   </div>
   <div class='ocr_carea' id='block_1_6' title="bbox 4 4075 1302 4360">
    <p class='ocr_par' dir='ltr' id='par_1_9' title="bbox 4 4075 1304 4360">
     <span class='ocr_line' id='line_1_40' title="bbox 4 4075 1300 4160; baseline 0.001 -30"><span class='ocrx_word' id='word_1_368' title='bbox 4 4088 5 4095; x_wconf 74' lang='grc'>’</span> <span class='ocrx_word' id='word_1_369' title='bbox 100 4079 239 4160; x_wconf 38' lang='lat' dir='ltr'>pra-pl</span> <span class='ocrx_word' id='word_1_370' title='bbox 266 4075 381 4158; x_wconf 48' lang='lat' dir='ltr'>adul.</span> <span class='ocrx_word' id='word_1_371' title='bbox 403 4101 436 4115; x_wconf 89' lang='lat'>-</span> <span class='ocrx_word' id='word_1_372' title='bbox 473 4079 556 4143; x_wconf 70' lang='lat' dir='ltr'>nun</span> <span class='ocrx_word' id='word_1_373' title='bbox 587 4077 678 4131; x_wconf 78' lang='lat' dir='ltr'>Servii</span> <span class='ocrx_word' id='word_1_374' title='bbox 728 4077 803 4146; x_wconf 84' lang='lat' dir='ltr'>quod</span> <span class='ocrx_word' id='word_1_375' title='bbox 829 4077 865 4131; x_wconf 83' lang='lat' dir='ltr'>sd</span> <span class='ocrx_word' id='word_1_376' title='bbox 890 4076 995 4160; x_wconf 71' lang='lat' dir='ltr'>iudicia</span> <span class='ocrx_word' id='word_1_377' title='bbox 1024 4077 1139 4160; x_wconf 75' lang='lat' dir='ltr'>propris</span> <span class='ocrx_word' id='word_1_378' title='bbox 1167 4078 1300 4160; x_wconf 70' lang='lat' dir='ltr'>pprtinet</span> 
     </span>
     <span class='ocr_line' id='line_1_41' title="bbox 7 4146 1073 4300; baseline 0 -24"><span class='ocrx_word' id='word_1_379' title='bbox 7 4177 10 4243; x_wconf 53' lang='lat'><em>³</em></span> <span class='ocrx_word' id='word_1_380' title='bbox 101 4147 201 4290; x_wconf 69' lang='lat' dir='ltr'>un,</span> <span class='ocrx_word' id='word_1_381' title='bbox 219 4146 517 4300; x_wconf 54' lang='lat' dir='ltr'>enarum</span> <span class='ocrx_word' id='word_1_382' title='bbox 540 4153 678 4274; x_wconf 69' lang='lat' dir='ltr'>...n</span> <span class='ocrx_word' id='word_1_383' title='bbox 726 4149 1073 4289; x_wconf 66' lang='lat' dir='ltr'>:arnusto</span> 
     </span>
     <span class='ocr_line' id='line_1_42' title="bbox 10 4289 1302 4360; baseline 0.002 -15"><span class='ocrx_word' id='word_1_384' title='bbox 10 4332 12 4345; x_wconf 92' lang='grc'>.</span> <span class='ocrx_word' id='word_1_385' title='bbox 101 4290 170 4347; x_wconf 76' lang='lat' dir='ltr'>adeo</span> <span class='ocrx_word' id='word_1_386' title='bbox 189 4291 281 4347; x_wconf 60' lang='lat' dir='ltr'>roffi</span> <span class='ocrx_word' id='word_1_387' title='bbox 300 4307 336 4344; x_wconf 77' lang='lat' dir='ltr'>ao</span> <span class='ocrx_word' id='word_1_388' title='bbox 352 4290 488 4360; x_wconf 78' lang='lat' dir='ltr'>protentis</span> <span class='ocrx_word' id='word_1_389' title='bbox 512 4289 543 4344; x_wconf 90' lang='lat' dir='ltr'>in</span> <span class='ocrx_word' id='word_1_390' title='bbox 565 4307 676 4346; x_wconf 89' lang='lat' dir='ltr'>omnem</span> <span class='ocrx_word' id='word_1_391' title='bbox 726 4295 772 4345; x_wconf 87' lang='lat' dir='ltr'>ter</span> <span class='ocrx_word' id='word_1_392' title='bbox 789 4292 911 4346; x_wconf 80' lang='lat' dir='ltr'>nomicos</span> <span class='ocrx_word' id='word_1_393' title='bbox 931 4305 965 4345; x_wconf 88' lang='lat' dir='ltr'>eo</span> <span class='ocrx_word' id='word_1_394' title='bbox 982 4290 1167 4346; x_wconf 81' lang='lat' dir='ltr'>delectantur.</span> <span class='ocrx_word' id='word_1_395' title='bbox 1188 4290 1302 4348; x_wconf 86' lang='lat' dir='ltr'>Habent</span> 
     </span>
    </p>
   </div>
   <div class='ocr_carea' id='block_1_7' title="bbox 101 4359 1302 4725">
    <p class='ocr_par' dir='ltr' id='par_1_10' title="bbox 101 4359 1302 4725">
     <span class='ocr_line' id='line_1_43' title="bbox 101 4359 1301 4446; baseline 0.001 -28"><span class='ocrx_word' id='word_1_396' title='bbox 101 4363 307 4446; x_wconf 68' lang='lat' dir='ltr'>turpitudinem</span> <span class='ocrx_word' id='word_1_397' title='bbox 322 4359 450 4416; x_wconf 87' lang='lat' dir='ltr'>moribus</span> <span class='ocrx_word' id='word_1_398' title='bbox 465 4361 545 4426; x_wconf 79' lang='lat' dir='ltr'>vixit,</span> <span class='ocrx_word' id='word_1_399' title='bbox 562 4367 596 4417; x_wconf 86' lang='lat' dir='ltr'>nt</span> <span class='ocrx_word' id='word_1_400' title='bbox 612 4379 676 4432; x_wconf 88' lang='lat' dir='ltr'>pro·</span> <span class='ocrx_word' id='word_1_401' title='bbox 726 4362 838 4432; x_wconf 88' lang='lat' dir='ltr'>quidem</span> <span class='ocrx_word' id='word_1_402' title='bbox 856 4361 926 4417; x_wconf 87' lang='lat' dir='ltr'>iliud</span> <span class='ocrx_word' id='word_1_403' title='bbox 945 4362 1060 4425; x_wconf 80' lang='lat' dir='ltr'>satirici,</span> <span class='ocrx_word' id='word_1_404' title='bbox 1070 4361 1203 4428; x_wconf 76' lang='lat' dir='ltr'>Lucilius,</span> <span class='ocrx_word' id='word_1_405' title='bbox 1214 4363 1301 4419; x_wconf 83' lang='lat' dir='ltr'>Hora·</span> 
     </span>
     <span class='ocr_line' id='line_1_44' title="bbox 102 4432 1302 4504; baseline 0.003 -16"><span class='ocrx_word' id='word_1_406' title='bbox 102 4434 163 4488; x_wconf 73' lang='lat' dir='ltr'>rehu</span> <span class='ocrx_word' id='word_1_407' title='bbox 181 4451 240 4490; x_wconf 89' lang='lat' dir='ltr'>non</span> <span class='ocrx_word' id='word_1_408' title='bbox 257 4432 387 4504; x_wconf 62' lang='lat' dir='ltr'>merit</span> <span class='ocrx_word' id='word_1_409' title='bbox 412 4433 490 4489; x_wconf 79' lang='lat' dir='ltr'>ultra</span> <span class='ocrx_word' id='word_1_410' title='bbox 508 4440 677 4503; x_wconf 78' lang='lat' dir='ltr'>quaesturae</span> <span class='ocrx_word' id='word_1_411' title='bbox 725 4433 791 4497; x_wconf 86' lang='lat' dir='ltr'>tius,</span> <span class='ocrx_word' id='word_1_412' title='bbox 811 4433 933 4498; x_wconf 77' lang='lat' dir='ltr'>Persius,</span> <span class='ocrx_word' id='word_1_413' title='bbox 954 4433 1102 4498; x_wconf 82' lang='lat' dir='ltr'>Iuvenalis,</span> <span class='ocrx_word' id='word_1_414' title='bbox 1126 4433 1196 4490; x_wconf 87' lang='lat' dir='ltr'>item</span> <span class='ocrx_word' id='word_1_415' title='bbox 1214 4433 1302 4492; x_wconf 87' lang='lat' dir='ltr'>Phae·</span> 
     </span>
     <span class='ocr_line' id='line_1_45' title="bbox 103 4503 1301 4578; baseline 0.003 -17"><span class='ocrx_word' id='word_1_416' title='bbox 103 4504 292 4578; x_wconf 71' lang='lat' dir='ltr'>dignitatem«</span> <span class='ocrx_word' id='word_1_417' title='bbox 317 4503 412 4560; x_wconf 82' lang='lat' dir='ltr'>Sobel.</span> <span class='ocrx_word' id='word_1_418' title='bbox 440 4531 476 4546; x_wconf 88' lang='lat'>·-</span> <span class='ocrx_word' id='word_1_419' title='bbox 501 4506 582 4576; x_wconf 73' lang='lat' dir='ltr'>ande]</span> <span class='ocrx_word' id='word_1_420' title='bbox 611 4505 677 4560; x_wconf 85' lang='lat' dir='ltr'>ride</span> <span class='ocrx_word' id='word_1_421' title='bbox 726 4505 808 4567; x_wconf 83' lang='lat' dir='ltr'>drus,</span> <span class='ocrx_word' id='word_1_422' title='bbox 841 4505 889 4575; x_wconf 91' lang='lat' dir='ltr'>qui</span> <span class='ocrx_word' id='word_1_423' title='bbox 916 4504 1023 4560; x_wconf 89' lang='lat' dir='ltr'>oomioo</span> <span class='ocrx_word' id='word_1_424' title='bbox 1053 4505 1150 4574; x_wconf 72' lang='lat' dir='ltr'>generi</span> <span class='ocrx_word' id='word_1_425' title='bbox 1177 4507 1301 4576; x_wconf 76' lang='lat' dir='ltr'>proximi</span> 
     </span>
     <span class='ocr_line' id='line_1_46' title="bbox 103 4572 1301 4650; baseline -0.003 -18"><span class='ocrx_word' id='word_1_426' title='bbox 103 4577 136 4632; x_wconf 78' lang='lat' dir='ltr'>sd</span> <span class='ocrx_word' id='word_1_427' title='bbox 151 4577 239 4635; x_wconf 70' lang='lat' dir='ltr'>(lerna</span> <span class='ocrx_word' id='word_1_428' title='bbox 255 4579 293 4647; x_wconf 85' lang='lat'>11,</span> <span class='ocrx_word' id='word_1_429' title='bbox 313 4581 359 4644; x_wconf 75' lang='lat'>12,</span> <span class='ocrx_word' id='word_1_430' title='bbox 376 4578 403 4629; x_wconf 86' lang='grc'>7.</span> <span class='ocrx_word' id='word_1_431' title='bbox 424 4601 462 4618; x_wconf 91' lang='lat'>·-</span> <span class='ocrx_word' id='word_1_432' title='bbox 480 4579 573 4648; x_wconf 62' lang='lat' dir='ltr'>phut</span> <span class='ocrx_word' id='word_1_433' title='bbox 592 4577 675 4650; x_wconf 65' lang='lat' dir='ltr'>septe]</span> <span class='ocrx_word' id='word_1_434' title='bbox 725 4572 806 4631; x_wconf 82' lang='lat' dir='ltr'>santi</span> <span class='ocrx_word' id='word_1_435' title='bbox 825 4577 876 4631; x_wconf 85' lang='lat' dir='ltr'>sed</span> <span class='ocrx_word' id='word_1_436' title='bbox 892 4593 928 4631; x_wconf 89' lang='lat' dir='ltr'>ne</span> <span class='ocrx_word' id='word_1_437' title='bbox 946 4575 976 4630; x_wconf 91' lang='lat' dir='ltr'>hi</span> <span class='ocrx_word' id='word_1_438' title='bbox 994 4575 1107 4646; x_wconf 87' lang='lat' dir='ltr'>quidem</span> <span class='ocrx_word' id='word_1_439' title='bbox 1124 4593 1235 4648; x_wconf 77' lang='lat' dir='ltr'>saepe«</span> <span class='ocrx_word' id='word_1_440' title='bbox 1270 4609 1301 4622; x_wconf 81' lang='grc'>.-</span> 
     </span>
     <span class='ocr_line' id='line_1_47' title="bbox 104 4645 1301 4725; baseline 0.001 -20"><span class='ocrx_word' id='word_1_441' title='bbox 104 4647 318 4725; x_wconf 77' lang='lat' dir='ltr'>Sio&#39;moptn&#39;mis</span> <span class='ocrx_word' id='word_1_442' title='bbox 344 4645 440 4711; x_wconf 73' lang='lat' dir='ltr'>eodo,</span> <span class='ocrx_word' id='word_1_443' title='bbox 469 4647 500 4702; x_wconf 89' lang='lat' dir='ltr'>in</span> <span class='ocrx_word' id='word_1_444' title='bbox 521 4647 587 4703; x_wconf 78' lang='lat' dir='ltr'>aliis</span> <span class='ocrx_word' id='word_1_445' title='bbox 611 4654 675 4719; x_wconf 73' lang='lat' dir='ltr'>[ete.</span> <span class='ocrx_word' id='word_1_446' title='bbox 727 4649 823 4720; x_wconf 76' lang='lat' dir='ltr'>ilecto]</span> <span class='ocrx_word' id='word_1_447' title='bbox 842 4647 947 4704; x_wconf 86' lang='lat' dir='ltr'>homini</span> <span class='ocrx_word' id='word_1_448' title='bbox 957 4663 1039 4712; x_wconf 85' lang='lat' dir='ltr'>novo,</span> <span class='ocrx_word' id='word_1_449' title='bbox 1053 4647 1103 4703; x_wconf 85' lang='lat' dir='ltr'>sed</span> <span class='ocrx_word' id='word_1_450' title='bbox 1117 4651 1218 4720; x_wconf 88' lang='lat' dir='ltr'>probo.</span> <span class='ocrx_word' id='word_1_451' title='bbox 1237 4651 1301 4708; x_wconf 81' lang='lat' dir='ltr'>Non</span> 
     </span>
    </p>
   </div>
   <div class='ocr_carea' id='block_1_8' title="bbox 0 0 1568 5225">
    <p class='ocr_par' dir='ltr' id='par_1_11' title="bbox 0 0 1568 5225">
     <span class='ocr_line' id='line_1_48' title="bbox 0 0 1568 5225; baseline 0 2"><span class='ocrx_word' id='word_1_452' title='bbox 0 0 1568 5225; x_wconf 95' lang='lat' dir='ltr'> </span> 
     </span>
    </p>
   </div>
  </div>
 </body>
</html>
