<?xml version="1.0" encoding="UTF-8"?>
<!DOCTYPE html PUBLIC "-//W3C//DTD XHTML 1.0 Transitional//EN"
    "http://www.w3.org/TR/xhtml1/DTD/xhtml1-transitional.dtd">
<html xmlns="http://www.w3.org/1999/xhtml" xml:lang="en" lang="en">
 <head>
  <title>
</title>
<meta http-equiv="Content-Type" content="text/html;charset=utf-8" />
  <meta name='ocr-system' content='tesseract 3.04.00' />
  <meta name='ocr-capabilities' content='ocr_page ocr_carea ocr_par ocr_line ocrx_word'/>
</head>
<body>
  <div class='ocr_page' id='page_1' title='image "./qhoratiiflaccio01dillgoog/qhoratiiflaccio01dillgoog_0480.png"; bbox 0 0 3125 5225; ppageno 0'>
   <div class='ocr_carea' id='block_1_1' title="bbox 277 250 1009 339">
    <p class='ocr_par' dir='ltr' id='par_1_1' title="bbox 277 240 1551 373">
     <span class='ocr_line' id='line_1_1' title="bbox 277 250 1009 339; baseline 0.003 -22"><span class='ocrx_word' id='word_1_1' title='bbox 277 250 340 317; x_wconf 72' lang='lat' dir='ltr'><strong>aa</strong></span> <span class='ocrx_word' id='word_1_2' title='bbox 716 250 1009 339; x_wconf 56' lang='lat' dir='ltr'><strong>⁴sternamur</strong></span> 
     </span>
    </p>
   </div>
   <div class='ocr_carea' id='block_1_2' title="bbox 219 430 1551 1662">
    <p class='ocr_par' dir='ltr' id='par_1_2' title="bbox 326 430 1551 665">
     <span class='ocr_line' id='line_1_2' title="bbox 327 430 1551 535; baseline 0.006 -25"><span class='ocrx_word' id='word_1_3' title='bbox 327 435 485 511; x_wconf 82' lang='lat' dir='ltr'><strong>Artibus</strong></span> <span class='ocrx_word' id='word_1_4' title='bbox 510 449 626 535; x_wconf 88' lang='lat' dir='ltr'><strong>atque</strong></span> <span class='ocrx_word' id='word_1_5' title='bbox 651 438 788 513; x_wconf 89' lang='lat' dir='ltr'><strong>modis.</strong></span> <span class='ocrx_word' id='word_1_6' title='bbox 841 438 946 533; x_wconf 80' lang='lat' dir='ltr'><strong>Quid</strong></span> <span class='ocrx_word' id='word_1_7' title='bbox 972 438 1105 515; x_wconf 81' lang='lat' dir='ltr'><strong>rides?</strong></span> <span class='ocrx_word' id='word_1_8' title='bbox 1149 440 1281 516; x_wconf 84' lang='lat' dir='ltr'><strong>Iamno</strong></span> <span class='ocrx_word' id='word_1_9' title='bbox 1307 440 1433 517; x_wconf 86' lang='lat' dir='ltr'><strong>doloso</strong></span> <span class='ocrx_word' id='word_1_10' title='bbox 1550 430 1551 509; x_wconf 61' lang='lat' dir='ltr'><strong>l</strong></span> 
     </span>
     <span class='ocr_line' id='line_1_3' title="bbox 326 550 1551 665; baseline 0.005 -29"><span class='ocrx_word' id='word_1_11' title='bbox 326 561 413 636; x_wconf 90' lang='lat' dir='ltr'><strong>Non</strong></span> <span class='ocrx_word' id='word_1_12' title='bbox 436 562 525 636; x_wconf 87' lang='lat' dir='ltr'><strong>satis</strong></span> <span class='ocrx_word' id='word_1_13' title='bbox 551 574 607 636; x_wconf 85' lang='lat' dir='ltr'><strong>est</strong></span> <span class='ocrx_word' id='word_1_14' title='bbox 628 561 804 639; x_wconf 80' lang='lat' dir='ltr'><strong>Ithacam</strong></span> <span class='ocrx_word' id='word_1_15' title='bbox 830 564 961 640; x_wconf 86' lang='lat' dir='ltr'><strong>revehi</strong></span> <span class='ocrx_word' id='word_1_16' title='bbox 987 564 1209 665; x_wconf 81' lang='lat' dir='ltr'><strong>patriosque</strong></span> <span class='ocrx_word' id='word_1_17' title='bbox 1235 578 1387 664; x_wconf 86' lang='lat' dir='ltr'><strong>penates</strong></span> <span class='ocrx_word' id='word_1_18' title='bbox 1550 550 1551 563; x_wconf 11' lang='grc' dir='ltr'>ἵ</span> 
     </span>
    </p>

    <p class='ocr_par' dir='ltr' id='par_1_3' title="bbox 296 671 1551 1288">
     <span class='ocr_line' id='line_1_4' title="bbox 296 671 1551 803; baseline 0.005 -46"><span class='ocrx_word' id='word_1_19' title='bbox 296 685 570 784; x_wconf 73' lang='lat' dir='ltr'><strong>thdepicere‘l</strong></span> <span class='ocrx_word' id='word_1_20' title='bbox 622 686 782 763; x_wconf 88' lang='lat' dir='ltr'><strong>Onulli</strong></span> <span class='ocrx_word' id='word_1_21' title='bbox 805 688 1016 789; x_wconf 84' lang='lat' dir='ltr'><strong>quidquam</strong></span> <span class='ocrx_word' id='word_1_22' title='bbox 1041 671 1341 786; x_wconf 68' lang='lat' dir='ltr'><strong>mentuenda</strong></span> <span class='ocrx_word' id='word_1_23' title='bbox 1364 701 1405 763; x_wconf 86' lang='lat' dir='ltr'><strong>ut</strong></span> <span class='ocrx_word' id='word_1_24' title='bbox 1550 776 1551 803; x_wconf 14' lang='grc' dir='ltr'><strong>χ</strong></span> 
     </span>
     <span class='ocr_line' id='line_1_5' title="bbox 327 811 1463 912; baseline -0.002 -25"><span class='ocrx_word' id='word_1_25' title='bbox 327 812 462 887; x_wconf 91' lang='lat' dir='ltr'><strong>Nudus</strong></span> <span class='ocrx_word' id='word_1_26' title='bbox 489 811 679 911; x_wconf 81' lang='lat' dir='ltr'>inopsque</span> <span class='ocrx_word' id='word_1_27' title='bbox 705 812 864 887; x_wconf 91' lang='lat' dir='ltr'><strong>domum</strong></span> <span class='ocrx_word' id='word_1_28' title='bbox 890 813 1046 891; x_wconf 81' lang='lat' dir='ltr'><strong>redeam</strong></span> <span class='ocrx_word' id='word_1_29' title='bbox 1070 827 1110 890; x_wconf 84' lang='lat' dir='ltr'><strong>te</strong></span> <span class='ocrx_word' id='word_1_30' title='bbox 1132 828 1219 890; x_wconf 82' lang='lat' dir='ltr'><strong>vate</strong></span> <span class='ocrx_word' id='word_1_31' title='bbox 1244 838 1367 912; x_wconf 86' lang='lat' dir='ltr'><strong>neque</strong></span> <span class='ocrx_word' id='word_1_32' title='bbox 1390 811 1463 887; x_wconf 89' lang='lat' dir='ltr'><strong>illic</strong></span> 
     </span>
     <span class='ocr_line' id='line_1_6' title="bbox 328 935 1411 1039; baseline 0 -28"><span class='ocrx_word' id='word_1_33' title='bbox 328 935 410 1011; x_wconf 83' lang='lat' dir='ltr'><strong>Aut</strong></span> <span class='ocrx_word' id='word_1_34' title='bbox 435 937 622 1035; x_wconf 79' lang='lat' dir='ltr'><strong>apotheca</strong></span> <span class='ocrx_word' id='word_1_35' title='bbox 646 939 775 1037; x_wconf 84' lang='lat' dir='ltr'><strong>procis</strong></span> <span class='ocrx_word' id='word_1_36' title='bbox 806 938 948 1015; x_wconf 84' lang='lat' dir='ltr'><strong>intacta</strong></span> <span class='ocrx_word' id='word_1_37' title='bbox 973 954 1029 1015; x_wconf 84' lang='lat' dir='ltr'><strong>est</strong></span> <span class='ocrx_word' id='word_1_38' title='bbox 1054 953 1119 1015; x_wconf 88' lang='lat' dir='ltr'><strong>aut</strong></span> <span class='ocrx_word' id='word_1_39' title='bbox 1143 964 1280 1039; x_wconf 84' lang='lat' dir='ltr'><strong>pecus:</strong></span> <span class='ocrx_word' id='word_1_40' title='bbox 1308 937 1411 1037; x_wconf 84' lang='lat' dir='ltr'><strong>atqui</strong></span> 
     </span>
     <span class='ocr_line' id='line_1_7' title="bbox 328 1062 1359 1161; baseline -0.001 -24"><span class='ocrx_word' id='word_1_41' title='bbox 328 1064 375 1137; x_wconf 83' lang='lat' dir='ltr'><strong>Et</strong></span> <span class='ocrx_word' id='word_1_42' title='bbox 400 1088 520 1160; x_wconf 84' lang='lat' dir='ltr'><strong>genus</strong></span> <span class='ocrx_word' id='word_1_43' title='bbox 548 1075 587 1138; x_wconf 89' lang='lat' dir='ltr'><strong>et</strong></span> <span class='ocrx_word' id='word_1_44' title='bbox 611 1064 733 1137; x_wconf 88' lang='lat' dir='ltr'><strong>virtus</strong></span> <span class='ocrx_word' id='word_1_45' title='bbox 758 1062 833 1137; x_wconf 89' lang='lat' dir='ltr'><strong>nisi</strong></span> <span class='ocrx_word' id='word_1_46' title='bbox 864 1088 950 1139; x_wconf 90' lang='lat' dir='ltr'><strong>cum</strong></span> <span class='ocrx_word' id='word_1_47' title='bbox 978 1090 1020 1141; x_wconf 85' lang='lat' dir='ltr'><strong>re</strong></span> <span class='ocrx_word' id='word_1_48' title='bbox 1042 1064 1156 1139; x_wconf 80' lang='lat' dir='ltr'><strong>vilior</strong></span> <span class='ocrx_word' id='word_1_49' title='bbox 1180 1062 1269 1161; x_wconf 83' lang='lat' dir='ltr'><strong>alga</strong></span> <span class='ocrx_word' id='word_1_50' title='bbox 1294 1074 1359 1138; x_wconf 85' lang='lat' dir='ltr'><strong>est.</strong></span> 
     </span>
     <span class='ocr_line' id='line_1_8' title="bbox 330 1186 1309 1288; baseline 0.003 -28"><span class='ocrx_word' id='word_1_51' title='bbox 330 1186 495 1279; x_wconf 80' lang='lat' dir='ltr'><strong>Quando</strong></span> <span class='ocrx_word' id='word_1_52' title='bbox 516 1188 740 1285; x_wconf 87' lang='lat' dir='ltr'><strong>pauperiem</strong></span> <span class='ocrx_word' id='word_1_53' title='bbox 765 1188 889 1263; x_wconf 86' lang='lat' dir='ltr'><strong>missia</strong></span> <span class='ocrx_word' id='word_1_54' title='bbox 910 1190 1138 1288; x_wconf 82' lang='lat' dir='ltr'><strong>ambagibus</strong></span> <span class='ocrx_word' id='word_1_55' title='bbox 1164 1189 1309 1284; x_wconf 84' lang='lat' dir='ltr'><strong>horres,</strong></span> 
     </span>
    </p>

    <p class='ocr_par' dir='ltr' id='par_1_4' title="bbox 280 1311 1322 1540">
     <span class='ocr_line' id='line_1_9' title="bbox 280 1311 1322 1413; baseline 0.001 -28"><span class='ocrx_word' id='word_1_56' title='bbox 280 1348 304 1386; x_wconf 78' lang='grc' dir='ltr'><strong>ιο</strong></span> <span class='ocrx_word' id='word_1_57' title='bbox 332 1311 478 1409; x_wconf 79' lang='lat' dir='ltr'><strong>Accipe</strong></span> <span class='ocrx_word' id='word_1_58' title='bbox 504 1338 581 1411; x_wconf 89' lang='lat' dir='ltr'><strong>qua</strong></span> <span class='ocrx_word' id='word_1_59' title='bbox 606 1314 755 1389; x_wconf 85' lang='lat' dir='ltr'><strong>ratione</strong></span> <span class='ocrx_word' id='word_1_60' title='bbox 780 1339 898 1413; x_wconf 84' lang='lat' dir='ltr'><strong>queas</strong></span> <span class='ocrx_word' id='word_1_61' title='bbox 926 1312 1122 1391; x_wconf 85' lang='lat' dir='ltr'><strong>ditescere.</strong></span> <span class='ocrx_word' id='word_1_62' title='bbox 1169 1313 1322 1391; x_wconf 81' lang='lat' dir='ltr'><strong>Turdus</strong></span> 
     </span>
     <span class='ocr_line' id='line_1_10' title="bbox 329 1436 1319 1540; baseline -0.002 -26"><span class='ocrx_word' id='word_1_63' title='bbox 329 1436 418 1514; x_wconf 78' lang='lat' dir='ltr'><strong>Sive</strong></span> <span class='ocrx_word' id='word_1_64' title='bbox 444 1437 550 1513; x_wconf 84' lang='lat' dir='ltr'><strong>aliud</strong></span> <span class='ocrx_word' id='word_1_65' title='bbox 571 1439 727 1540; x_wconf 84' lang='lat' dir='ltr'><strong>privum</strong></span> <span class='ocrx_word' id='word_1_66' title='bbox 748 1439 902 1515; x_wconf 85' lang='lat' dir='ltr'><strong>dabitur</strong></span> <span class='ocrx_word' id='word_1_67' title='bbox 929 1440 1009 1537; x_wconf 84' lang='lat' dir='ltr'><strong>tibi,</strong></span> <span class='ocrx_word' id='word_1_68' title='bbox 1037 1439 1192 1516; x_wconf 86' lang='lat' dir='ltr'><strong>devolet</strong></span> <span class='ocrx_word' id='word_1_69' title='bbox 1216 1437 1319 1535; x_wconf 81' lang='lat' dir='ltr'><strong>illuc,</strong></span> 
     </span>
    </p>

    <p class='ocr_par' dir='ltr' id='par_1_5' title="bbox 219 1563 1390 1662">
     <span class='ocr_line' id='line_1_11' title="bbox 219 1563 1390 1662; baseline -0.002 -26"><span class='ocrx_word' id='word_1_70' title='bbox 219 1629 223 1636; x_wconf 91' lang='lat'>.</span> <span class='ocrx_word' id='word_1_71' title='bbox 327 1564 400 1639; x_wconf 90' lang='lat' dir='ltr'><strong>Res</strong></span> <span class='ocrx_word' id='word_1_72' title='bbox 425 1563 494 1637; x_wconf 91' lang='lat' dir='ltr'><strong>ubi</strong></span> <span class='ocrx_word' id='word_1_73' title='bbox 519 1589 661 1662; x_wconf 81' lang='lat' dir='ltr'><strong>magna</strong></span> <span class='ocrx_word' id='word_1_74' title='bbox 684 1564 781 1640; x_wconf 88' lang='lat' dir='ltr'><strong>nitet</strong></span> <span class='ocrx_word' id='word_1_75' title='bbox 807 1563 964 1640; x_wconf 90' lang='lat' dir='ltr'><strong>domino</strong></span> <span class='ocrx_word' id='word_1_76' title='bbox 991 1590 1100 1661; x_wconf 79' lang='lat' dir='ltr'><strong>eene3</strong></span> <span class='ocrx_word' id='word_1_77' title='bbox 1125 1563 1253 1639; x_wconf 86' lang='lat' dir='ltr'><strong>dulcia</strong></span> <span class='ocrx_word' id='word_1_78' title='bbox 1275 1583 1390 1661; x_wconf 86' lang='lat' dir='ltr'><strong>poma</strong></span> 
     </span>
    </p>
   </div>
   <div class='ocr_carea' id='block_1_3' title="bbox 330 1687 1379 1788">
    <p class='ocr_par' dir='ltr' id='par_1_6' title="bbox 330 1687 1379 1788">
     <span class='ocr_line' id='line_1_12' title="bbox 330 1687 1379 1788; baseline 0 -28"><span class='ocrx_word' id='word_1_79' title='bbox 330 1688 379 1761; x_wconf 84' lang='lat' dir='ltr'><strong>Et</strong></span> <span class='ocrx_word' id='word_1_80' title='bbox 406 1713 657 1788; x_wconf 87' lang='lat' dir='ltr'><strong>quoscunque</strong></span> <span class='ocrx_word' id='word_1_81' title='bbox 682 1689 783 1765; x_wconf 85' lang='lat' dir='ltr'><strong>feret</strong></span> <span class='ocrx_word' id='word_1_82' title='bbox 807 1687 930 1764; x_wconf 84' lang='lat' dir='ltr'><strong>cultus</strong></span> <span class='ocrx_word' id='word_1_83' title='bbox 955 1690 1024 1765; x_wconf 86' lang='lat' dir='ltr'><strong>tibi</strong></span> <span class='ocrx_word' id='word_1_84' title='bbox 1051 1688 1194 1765; x_wconf 86' lang='lat' dir='ltr'><strong>fundus</strong></span> <span class='ocrx_word' id='word_1_85' title='bbox 1216 1688 1379 1764; x_wconf 87' lang='lat' dir='ltr'><strong>honores</strong></span> 
     </span>
    </p>
   </div>
   <div class='ocr_carea' id='block_1_4' title="bbox 275 1814 1551 4383">
    <p class='ocr_par' dir='ltr' id='par_1_7' title="bbox 275 1814 1551 4383">
     <span class='ocr_line' id='line_1_13' title="bbox 277 1814 1465 1894; baseline -0.002 -26"><span class='ocrx_word' id='word_1_86' title='bbox 277 1831 342 1869; x_wconf 90' lang='lat' dir='ltr'><strong>cnm</strong></span> <span class='ocrx_word' id='word_1_87' title='bbox 358 1832 452 1871; x_wconf 84' lang='lat' dir='ltr'><strong>mores</strong></span> <span class='ocrx_word' id='word_1_88' title='bbox 467 1816 579 1871; x_wconf 80' lang='lat' dir='ltr'><strong>luxuria</strong></span> <span class='ocrx_word' id='word_1_89' title='bbox 596 1817 791 1888; x_wconf 85' lang='lat' dir='ltr'><strong>bellorumque</strong></span> <span class='ocrx_word' id='word_1_90' title='bbox 811 1816 851 1873; x_wconf 90' lang='lat' dir='ltr'><strong>ci·</strong></span> <span class='ocrx_word' id='word_1_91' title='bbox 901 1818 1033 1889; x_wconf 87' lang='lat' dir='ltr'><strong>antiquus</strong></span> <span class='ocrx_word' id='word_1_92' title='bbox 1051 1822 1139 1883; x_wconf 83' lang='lat' dir='ltr'><strong>vetes,</strong></span> <span class='ocrx_word' id='word_1_93' title='bbox 1163 1817 1287 1872; x_wconf 80' lang='lat' dir='ltr'><strong>Graecus</strong></span> <span class='ocrx_word' id='word_1_94' title='bbox 1305 1814 1397 1881; x_wconf 89' lang='lat' dir='ltr'><strong>homo,</strong></span> <span class='ocrx_word' id='word_1_95' title='bbox 1418 1828 1465 1894; x_wconf 69' lang='lat' dir='ltr'><strong>per</strong></span> 
     </span>
     <span class='ocr_line' id='line_1_14' title="bbox 277 1886 1551 1959; baseline -0.002 -18"><span class='ocrx_word' id='word_1_96' title='bbox 277 1886 374 1941; x_wconf 84' lang='lat' dir='ltr'><strong>vilium</strong></span> <span class='ocrx_word' id='word_1_97' title='bbox 391 1887 505 1944; x_wconf 88' lang='lat' dir='ltr'><strong>licentia</strong></span> <span class='ocrx_word' id='word_1_98' title='bbox 522 1888 606 1957; x_wconf 90' lang='lat' dir='ltr'><strong>plane</strong></span> <span class='ocrx_word' id='word_1_99' title='bbox 625 1887 732 1959; x_wconf 87' lang='lat' dir='ltr'><strong>perditi</strong></span> <span class='ocrx_word' id='word_1_100' title='bbox 754 1893 851 1945; x_wconf 86' lang='lat' dir='ltr'><strong>essent</strong></span> <span class='ocrx_word' id='word_1_101' title='bbox 900 1895 992 1946; x_wconf 88' lang='lat' dir='ltr'><strong>totum</strong></span> <span class='ocrx_word' id='word_1_102' title='bbox 1014 1905 1169 1945; x_wconf 86' lang='lat' dir='ltr'><strong>sermonem</strong></span> <span class='ocrx_word' id='word_1_103' title='bbox 1188 1886 1311 1951; x_wconf 81' lang='lat' dir='ltr'><strong>heroicis</strong></span> <span class='ocrx_word' id='word_1_104' title='bbox 1330 1888 1412 1941; x_wconf 90' lang='lat' dir='ltr'><strong>rebus</strong></span> <span class='ocrx_word' id='word_1_105' title='bbox 1429 1900 1464 1938; x_wconf 81' lang='lat' dir='ltr'><strong>u·</strong></span> <span class='ocrx_word' id='word_1_106' title='bbox 1550 1900 1551 1953; x_wconf 58' lang='lat' dir='ltr'><strong>q</strong></span> 
     </span>
     <span class='ocr_line' id='line_1_15' title="bbox 276 1957 1551 2082; baseline -0.001 -71"><span class='ocrx_word' id='word_1_107' title='bbox 276 1963 484 2082; x_wconf 67' lang='lat' dir='ltr'><strong>paupertasque</strong></span> <span class='ocrx_word' id='word_1_108' title='bbox 511 1976 564 2028; x_wconf 89' lang='lat' dir='ltr'><strong>pro</strong></span> <span class='ocrx_word' id='word_1_109' title='bbox 589 1959 659 2014; x_wconf 86' lang='lat' dir='ltr'><strong>vitio</strong></span> <span class='ocrx_word' id='word_1_110' title='bbox 686 1960 848 2025; x_wconf 88' lang='lat' dir='ltr'><strong>baberetur,</strong></span> <span class='ocrx_word' id='word_1_111' title='bbox 900 1966 958 2017; x_wconf 87' lang='lat' dir='ltr'><strong>tam</strong></span> <span class='ocrx_word' id='word_1_112' title='bbox 989 1967 1019 2016; x_wconf 89' lang='lat' dir='ltr'><strong>et</strong></span> <span class='ocrx_word' id='word_1_113' title='bbox 1053 1957 1285 2016; x_wconf 74' lang='lat' dir='ltr'><strong>musnetudinem</strong></span> <span class='ocrx_word' id='word_1_114' title='bbox 1321 1957 1466 2013; x_wconf 75' lang='lat' dir='ltr'><strong>Romanam</strong></span> <span class='ocrx_word' id='word_1_115' title='bbox 1550 1966 1551 2025; x_wconf 65' lang='grc' dir='ltr'>ξ</span> 
     </span>
     <span class='ocr_line' id='line_1_16' title="bbox 277 2028 1551 2108; baseline 0 -25"><span class='ocrx_word' id='word_1_116' title='bbox 277 2046 333 2098; x_wconf 88' lang='lat' dir='ltr'><strong>qno</strong></span> <span class='ocrx_word' id='word_1_117' title='bbox 369 2030 390 2083; x_wconf 90' lang='lat' dir='ltr'><strong>ii</strong></span> <span class='ocrx_word' id='word_1_118' title='bbox 409 2032 510 2100; x_wconf 86' lang='lat' dir='ltr'><strong>quibus</strong></span> <span class='ocrx_word' id='word_1_119' title='bbox 526 2046 619 2100; x_wconf 86' lang='lat' dir='ltr'><strong>neque</strong></span> <span class='ocrx_word' id='word_1_120' title='bbox 636 2030 737 2086; x_wconf 87' lang='lat' dir='ltr'><strong>mihtia</strong></span> <span class='ocrx_word' id='word_1_121' title='bbox 758 2048 850 2101; x_wconf 87' lang='lat' dir='ltr'><strong>neque</strong></span> <span class='ocrx_word' id='word_1_122' title='bbox 900 2033 1038 2089; x_wconf 73' lang='lat' dir='ltr'><strong>admiscet</strong></span> <span class='ocrx_word' id='word_1_123' title='bbox 1063 2031 1246 2102; x_wconf 81' lang='lat' dir='ltr'><strong>exemplaque</strong></span> <span class='ocrx_word' id='word_1_124' title='bbox 1278 2044 1350 2100; x_wconf 87' lang='lat' dir='ltr'><strong>quae</strong></span> <span class='ocrx_word' id='word_1_125' title='bbox 1377 2028 1466 2108; x_wconf 65' lang='lat' dir='ltr'><strong>futura</strong></span> <span class='ocrx_word' id='word_1_126' title='bbox 1550 2044 1551 2071; x_wconf 44' lang='grc' dir='ltr'><strong>ὲ</strong></span> 
     </span>
     <span class='ocr_line' id='line_1_17' title="bbox 275 2097 1551 2173; baseline -0.005 -19"><span class='ocrx_word' id='word_1_127' title='bbox 275 2100 447 2171; x_wconf 88' lang='lat' dir='ltr'><strong>patrimonio</strong></span> <span class='ocrx_word' id='word_1_128' title='bbox 467 2102 542 2156; x_wconf 90' lang='lat' dir='ltr'><strong>bona</strong></span> <span class='ocrx_word' id='word_1_129' title='bbox 559 2102 628 2156; x_wconf 90' lang='lat' dir='ltr'><strong>satis</strong></span> <span class='ocrx_word' id='word_1_130' title='bbox 645 2119 749 2173; x_wconf 80' lang='lat' dir='ltr'><strong>magna</strong></span> <span class='ocrx_word' id='word_1_131' title='bbox 766 2103 850 2158; x_wconf 92' lang='lat' dir='ltr'><strong>obve·</strong></span> <span class='ocrx_word' id='word_1_132' title='bbox 900 2121 961 2159; x_wconf 86' lang='lat' dir='ltr'><strong>essa</strong></span> <span class='ocrx_word' id='word_1_133' title='bbox 981 2103 1152 2159; x_wconf 83' lang='lat' dir='ltr'><strong>vaticinatur</strong></span> <span class='ocrx_word' id='word_1_134' title='bbox 1177 2118 1212 2157; x_wconf 80' lang='lat' dir='ltr'><strong>ex</strong></span> <span class='ocrx_word' id='word_1_135' title='bbox 1231 2102 1266 2155; x_wconf 86' lang='lat' dir='ltr'><strong>iis</strong></span> <span class='ocrx_word' id='word_1_136' title='bbox 1285 2100 1372 2156; x_wconf 87' lang='lat' dir='ltr'><strong>rebus</strong></span> <span class='ocrx_word' id='word_1_137' title='bbox 1387 2097 1466 2154; x_wconf 80' lang='lat' dir='ltr'><strong>sumit</strong></span> <span class='ocrx_word' id='word_1_138' title='bbox 1550 2124 1551 2171; x_wconf 69' lang='lat'>3</span> 
     </span>
     <span class='ocr_line' id='line_1_18' title="bbox 276 2168 1551 2253; baseline -0.003 -28"><span class='ocrx_word' id='word_1_139' title='bbox 276 2172 385 2227; x_wconf 91' lang='lat' dir='ltr'><strong>nisssnt</strong></span> <span class='ocrx_word' id='word_1_140' title='bbox 419 2172 468 2227; x_wconf 89' lang='lat' dir='ltr'><strong>alii</strong></span> <span class='ocrx_word' id='word_1_141' title='bbox 503 2172 588 2227; x_wconf 85' lang='lat' dir='ltr'><strong>aliam</strong></span> <span class='ocrx_word' id='word_1_142' title='bbox 615 2173 850 2245; x_wconf 73' lang='lat' dir='ltr'><strong>ingrediebantur</strong></span> <span class='ocrx_word' id='word_1_143' title='bbox 902 2193 975 2246; x_wconf 83' lang='lat' dir='ltr'><strong>quse</strong></span> <span class='ocrx_word' id='word_1_144' title='bbox 993 2174 1099 2230; x_wconf 84' lang='lat' dir='ltr'><strong>Romae</strong></span> <span class='ocrx_word' id='word_1_145' title='bbox 1126 2173 1217 2229; x_wconf 79' lang='lat' dir='ltr'><strong>factae</strong></span> <span class='ocrx_word' id='word_1_146' title='bbox 1242 2172 1372 2228; x_wconf 89' lang='lat' dir='ltr'><strong>omnibus</strong></span> <span class='ocrx_word' id='word_1_147' title='bbox 1391 2168 1468 2253; x_wconf 75' lang='lat' dir='ltr'><strong>lippis</strong></span> <span class='ocrx_word' id='word_1_148' title='bbox 1550 2172 1551 2177; x_wconf 78' lang='grc'>’</span> 
     </span>
     <span class='ocr_line' id='line_1_19' title="bbox 275 2240 1551 2315; baseline -0.003 -17"><span class='ocrx_word' id='word_1_149' title='bbox 275 2243 358 2309; x_wconf 80' lang='lat' dir='ltr'><strong>viam,</strong></span> <span class='ocrx_word' id='word_1_150' title='bbox 387 2260 444 2312; x_wconf 89' lang='lat' dir='ltr'><strong>qna</strong></span> <span class='ocrx_word' id='word_1_151' title='bbox 468 2243 505 2298; x_wconf 91' lang='lat' dir='ltr'><strong>ad</strong></span> <span class='ocrx_word' id='word_1_152' title='bbox 521 2244 634 2299; x_wconf 84' lang='lat' dir='ltr'><strong>beatam</strong></span> <span class='ocrx_word' id='word_1_153' title='bbox 653 2262 724 2315; x_wconf 87' lang='lat' dir='ltr'><strong>quae</strong></span> <span class='ocrx_word' id='word_1_154' title='bbox 742 2245 850 2301; x_wconf 84' lang='lat' dir='ltr'><strong>sidere·</strong></span> <span class='ocrx_word' id='word_1_155' title='bbox 899 2250 929 2301; x_wconf 87' lang='lat' dir='ltr'><strong>et</strong></span> <span class='ocrx_word' id='word_1_156' title='bbox 947 2246 1109 2302; x_wconf 72' lang='lat' dir='ltr'><strong>tonsoribus</strong></span> <span class='ocrx_word' id='word_1_157' title='bbox 1127 2248 1211 2301; x_wconf 83' lang='lat' dir='ltr'><strong>notae</strong></span> <span class='ocrx_word' id='word_1_158' title='bbox 1229 2246 1320 2298; x_wconf 85' lang='lat' dir='ltr'><strong>erant.</strong></span> <span class='ocrx_word' id='word_1_159' title='bbox 1349 2240 1391 2297; x_wconf 89' lang='lat' dir='ltr'><strong>De</strong></span> <span class='ocrx_word' id='word_1_160' title='bbox 1408 2246 1468 2297; x_wconf 80' lang='lat' dir='ltr'><strong>satr-</strong></span> <span class='ocrx_word' id='word_1_161' title='bbox 1550 2296 1551 2301; x_wconf 8' lang='grc' dir='ltr'>χ</span> 
     </span>
     <span class='ocr_line' id='line_1_20' title="bbox 276 2312 1551 2387; baseline -0.001 -19"><span class='ocrx_word' id='word_1_162' title='bbox 276 2317 325 2368; x_wconf 88' lang='lat' dir='ltr'><strong>tur</strong></span> <span class='ocrx_word' id='word_1_163' title='bbox 336 2314 422 2368; x_wconf 83' lang='lat' dir='ltr'><strong>vitam</strong></span> <span class='ocrx_word' id='word_1_164' title='bbox 433 2313 618 2385; x_wconf 81' lang='lat' dir='ltr'><strong>fortunaeque</strong></span> <span class='ocrx_word' id='word_1_165' title='bbox 628 2314 772 2387; x_wconf 78' lang='lat' dir='ltr'><strong>fastigium</strong></span> <span class='ocrx_word' id='word_1_166' title='bbox 785 2334 849 2387; x_wconf 88' lang='lat' dir='ltr'><strong>per·</strong></span> <span class='ocrx_word' id='word_1_167' title='bbox 897 2335 947 2373; x_wconf 89' lang='lat' dir='ltr'><strong>rae</strong></span> <span class='ocrx_word' id='word_1_168' title='bbox 965 2334 1039 2373; x_wconf 84' lang='lat' dir='ltr'><strong>anno</strong></span> <span class='ocrx_word' id='word_1_169' title='bbox 1057 2316 1145 2371; x_wconf 82' lang='lat' dir='ltr'><strong>natali</strong></span> <span class='ocrx_word' id='word_1_170' title='bbox 1164 2312 1218 2372; x_wconf 89' lang='lat' dir='ltr'><strong>viri</strong></span> <span class='ocrx_word' id='word_1_171' title='bbox 1236 2314 1315 2369; x_wconf 89' lang='lat' dir='ltr'><strong>docti</strong></span> <span class='ocrx_word' id='word_1_172' title='bbox 1334 2330 1389 2369; x_wconf 90' lang='lat' dir='ltr'><strong>non</strong></span> <span class='ocrx_word' id='word_1_173' title='bbox 1407 2329 1467 2367; x_wconf 88' lang='lat' dir='ltr'><strong>con·</strong></span> <span class='ocrx_word' id='word_1_174' title='bbox 1550 2314 1551 2321; x_wconf 76' lang='grc'>’</span> 
     </span>
     <span class='ocr_line' id='line_1_21' title="bbox 276 2383 1467 2459; baseline 0.001 -19"><span class='ocrx_word' id='word_1_175' title='bbox 276 2384 423 2440; x_wconf 77' lang='lat' dir='ltr'><strong>venirent?</strong></span> <span class='ocrx_word' id='word_1_176' title='bbox 441 2384 510 2441; x_wconf 91' lang='lat' dir='ltr'><strong>Inde</strong></span> <span class='ocrx_word' id='word_1_177' title='bbox 526 2392 623 2441; x_wconf 89' lang='lat' dir='ltr'><strong>natum</strong></span> <span class='ocrx_word' id='word_1_178' title='bbox 640 2392 686 2444; x_wconf 86' lang='lat' dir='ltr'><strong>est</strong></span> <span class='ocrx_word' id='word_1_179' title='bbox 700 2406 789 2459; x_wconf 82' lang='lat' dir='ltr'><strong>genus</strong></span> <span class='ocrx_word' id='word_1_180' title='bbox 801 2389 848 2443; x_wconf 90' lang='lat' dir='ltr'><strong>ho·</strong></span> <span class='ocrx_word' id='word_1_181' title='bbox 901 2390 1041 2444; x_wconf 87' lang='lat' dir='ltr'><strong>sentiunt:</strong></span> <span class='ocrx_word' id='word_1_182' title='bbox 1070 2388 1197 2445; x_wconf 81' lang='lat' dir='ltr'><strong>versibus</strong></span> <span class='ocrx_word' id='word_1_183' title='bbox 1215 2390 1250 2455; x_wconf 75' lang='lat'><strong>62</strong></span> <span class='ocrx_word' id='word_1_184' title='bbox 1270 2402 1332 2457; x_wconf 88' lang='lat' dir='ltr'><strong>sqq.</strong></span> <span class='ocrx_word' id='word_1_185' title='bbox 1356 2383 1405 2441; x_wconf 78' lang='lat' dir='ltr'><strong>alii</strong></span> <span class='ocrx_word' id='word_1_186' title='bbox 1425 2400 1467 2437; x_wconf 75' lang='lat' dir='ltr'><strong>un·</strong></span> 
     </span>
     <span class='ocr_line' id='line_1_22' title="bbox 276 2455 1551 2525; baseline -0.002 -16"><span class='ocrx_word' id='word_1_187' title='bbox 276 2456 391 2521; x_wconf 88' lang='lat' dir='ltr'><strong>minum,</strong></span> <span class='ocrx_word' id='word_1_188' title='bbox 418 2472 473 2525; x_wconf 86' lang='lat' dir='ltr'><strong>quo</strong></span> <span class='ocrx_word' id='word_1_189' title='bbox 493 2456 575 2511; x_wconf 85' lang='lat' dir='ltr'><strong>vilius</strong></span> <span class='ocrx_word' id='word_1_190' title='bbox 593 2462 623 2512; x_wconf 89' lang='lat' dir='ltr'><strong>et</strong></span> <span class='ocrx_word' id='word_1_191' title='bbox 640 2460 776 2515; x_wconf 85' lang='lat' dir='ltr'><strong>abiectius</strong></span> <span class='ocrx_word' id='word_1_192' title='bbox 801 2460 848 2514; x_wconf 86' lang='lat' dir='ltr'><strong>vix</strong></span> <span class='ocrx_word' id='word_1_193' title='bbox 900 2478 965 2515; x_wconf 88' lang='lat' dir='ltr'><strong>num</strong></span> <span class='ocrx_word' id='word_1_194' title='bbox 994 2464 1046 2515; x_wconf 77' lang='lat'><strong>722</strong></span> <span class='ocrx_word' id='word_1_195' title='bbox 1072 2458 1120 2514; x_wconf 88' lang='lat' dir='ltr'><strong>alii</strong></span> <span class='ocrx_word' id='word_1_196' title='bbox 1138 2462 1192 2514; x_wconf 77' lang='lat'><strong>724</strong></span> <span class='ocrx_word' id='word_1_197' title='bbox 1209 2458 1253 2513; x_wconf 89' lang='lat' dir='ltr'><strong>vel</strong></span> <span class='ocrx_word' id='word_1_198' title='bbox 1272 2458 1336 2525; x_wconf 74' lang='lat'><strong>725,</strong></span> <span class='ocrx_word' id='word_1_199' title='bbox 1360 2455 1406 2511; x_wconf 89' lang='lat' dir='ltr'><strong>alu</strong></span> <span class='ocrx_word' id='word_1_200' title='bbox 1424 2455 1467 2509; x_wconf 90' lang='lat' dir='ltr'><strong>de·</strong></span> <span class='ocrx_word' id='word_1_201' title='bbox 1550 2478 1551 2493; x_wconf 33' lang='grc' dir='ltr'><strong>κ</strong></span> 
     </span>
     <span class='ocr_line' id='line_1_23' title="bbox 275 2528 1551 2601; baseline -0.002 -19"><span class='ocrx_word' id='word_1_202' title='bbox 275 2528 474 2597; x_wconf 81' lang='lat' dir='ltr'><strong>potestatium</strong></span> <span class='ocrx_word' id='word_1_203' title='bbox 494 2530 623 2599; x_wconf 76' lang='lat' dir='ltr'><strong>cogitari,</strong></span> <span class='ocrx_word' id='word_1_204' title='bbox 650 2532 699 2600; x_wconf 90' lang='lat' dir='ltr'><strong>qni</strong></span> <span class='ocrx_word' id='word_1_205' title='bbox 722 2530 849 2601; x_wconf 80' lang='lat' dir='ltr'><strong>pessimis</strong></span> <span class='ocrx_word' id='word_1_206' title='bbox 900 2534 984 2601; x_wconf 87' lang='lat' dir='ltr'><strong>nique</strong></span> <span class='ocrx_word' id='word_1_207' title='bbox 1013 2533 1065 2587; x_wconf 77' lang='grc'><strong>734</strong></span> <span class='ocrx_word' id='word_1_208' title='bbox 1101 2528 1252 2601; x_wconf 83' lang='lat' dir='ltr'><strong>significari</strong></span> <span class='ocrx_word' id='word_1_209' title='bbox 1286 2528 1468 2593; x_wconf 82' lang='lat' dir='ltr'><strong>arbitrantur3</strong></span> <span class='ocrx_word' id='word_1_210' title='bbox 1550 2560 1551 2567; x_wconf 52' lang='lat'><strong>,</strong></span> 
     </span>
     <span class='ocr_line' id='line_1_24' title="bbox 276 2598 1467 2674; baseline -0.002 -20"><span class='ocrx_word' id='word_1_211' title='bbox 276 2599 394 2664; x_wconf 81' lang='lat' dir='ltr'><strong>artibus,</strong></span> <span class='ocrx_word' id='word_1_212' title='bbox 412 2598 487 2662; x_wconf 91' lang='lat' dir='ltr'><strong>dolo,</strong></span> <span class='ocrx_word' id='word_1_213' title='bbox 513 2599 620 2656; x_wconf 87' lang='lat' dir='ltr'><strong>scelere</strong></span> <span class='ocrx_word' id='word_1_214' title='bbox 638 2606 722 2672; x_wconf 87' lang='lat' dir='ltr'><strong>atque</strong></span> <span class='ocrx_word' id='word_1_215' title='bbox 740 2602 850 2674; x_wconf 81' lang='lat' dir='ltr'><strong>flagitio</strong></span> <span class='ocrx_word' id='word_1_216' title='bbox 900 2606 967 2659; x_wconf 87' lang='lat' dir='ltr'><strong>utut</strong></span> <span class='ocrx_word' id='word_1_217' title='bbox 992 2621 1026 2658; x_wconf 87' lang='lat' dir='ltr'><strong>ea</strong></span> <span class='ocrx_word' id='word_1_218' title='bbox 1049 2621 1093 2658; x_wconf 88' lang='lat' dir='ltr'><strong>res</strong></span> <span class='ocrx_word' id='word_1_219' title='bbox 1114 2620 1144 2657; x_wconf 82' lang='lat' dir='ltr'><strong>es</strong></span> <span class='ocrx_word' id='word_1_220' title='bbox 1163 2601 1258 2664; x_wconf 87' lang='lat' dir='ltr'><strong>babet,</strong></span> <span class='ocrx_word' id='word_1_221' title='bbox 1285 2599 1340 2655; x_wconf 89' lang='lat' dir='ltr'><strong>hoc</strong></span> <span class='ocrx_word' id='word_1_222' title='bbox 1366 2603 1467 2655; x_wconf 67' lang='lat' dir='ltr'><strong>camum</strong></span> 
     </span>
     <span class='ocr_line' id='line_1_25' title="bbox 276 2670 1551 2745; baseline -0.003 -19"><span class='ocrx_word' id='word_1_223' title='bbox 276 2670 306 2726; x_wconf 87' lang='lat' dir='ltr'><strong>in</strong></span> <span class='ocrx_word' id='word_1_224' title='bbox 324 2674 495 2726; x_wconf 85' lang='lat' dir='ltr'><strong>testamenta</strong></span> <span class='ocrx_word' id='word_1_225' title='bbox 518 2672 701 2743; x_wconf 84' lang='lat' dir='ltr'><strong>locupletium</strong></span> <span class='ocrx_word' id='word_1_226' title='bbox 723 2674 850 2745; x_wconf 85' lang='lat' dir='ltr'><strong>irrepere</strong></span> <span class='ocrx_word' id='word_1_227' title='bbox 901 2675 1022 2741; x_wconf 81' lang='lat' dir='ltr'><strong>ridetur,</strong></span> <span class='ocrx_word' id='word_1_228' title='bbox 1040 2692 1097 2730; x_wconf 89' lang='lat' dir='ltr'><strong>non</strong></span> <span class='ocrx_word' id='word_1_229' title='bbox 1113 2674 1198 2728; x_wconf 86' lang='lat' dir='ltr'><strong>licere</strong></span> <span class='ocrx_word' id='word_1_230' title='bbox 1216 2673 1334 2728; x_wconf 78' lang='lat' dir='ltr'><strong>satiram</strong></span> <span class='ocrx_word' id='word_1_231' title='bbox 1351 2675 1469 2742; x_wconf 91' lang='lat' dir='ltr'><strong>postpu·</strong></span> <span class='ocrx_word' id='word_1_232' title='bbox 1550 2681 1551 2714; x_wconf 69' lang='lat'>1</span> 
     </span>
     <span class='ocr_line' id='line_1_26' title="bbox 275 2741 1551 2818; baseline 0.004 -21"><span class='ocrx_word' id='word_1_233' title='bbox 275 2741 421 2811; x_wconf 87' lang='lat' dir='ltr'><strong>iustosque</strong></span> <span class='ocrx_word' id='word_1_234' title='bbox 453 2742 572 2799; x_wconf 86' lang='lat' dir='ltr'><strong>heredes</strong></span> <span class='ocrx_word' id='word_1_235' title='bbox 605 2743 762 2802; x_wconf 87' lang='lat' dir='ltr'><strong>hereditate</strong></span> <span class='ocrx_word' id='word_1_236' title='bbox 814 2747 853 2800; x_wconf 89' lang='lat' dir='ltr'><strong>ri·</strong></span> <span class='ocrx_word' id='word_1_237' title='bbox 901 2763 985 2818; x_wconf 75' lang='lat' dir='ltr'><strong>gnam</strong></span> <span class='ocrx_word' id='word_1_238' title='bbox 1004 2745 1148 2800; x_wconf 82' lang='lat' dir='ltr'><strong>Actiacam</strong></span> <span class='ocrx_word' id='word_1_239' title='bbox 1166 2743 1304 2814; x_wconf 84' lang='lat' dir='ltr'><strong>prolerre.</strong></span> <span class='ocrx_word' id='word_1_240' title='bbox 1550 2797 1551 2802; x_wconf 73' lang='grc'>,</span> 
     </span>
     <span class='ocr_line' id='line_1_27' title="bbox 277 2765 1551 2897; baseline -0.003 -27"><span class='ocrx_word' id='word_1_241' title='bbox 277 2831 343 2870; x_wconf 82' lang='lat' dir='ltr'><strong>sere</strong></span> <span class='ocrx_word' id='word_1_242' title='bbox 361 2814 516 2868; x_wconf 86' lang='lat' dir='ltr'><strong>studerent.</strong></span> <span class='ocrx_word' id='word_1_243' title='bbox 560 2813 658 2884; x_wconf 84' lang='lat' dir='ltr'><strong>Neque</strong></span> <span class='ocrx_word' id='word_1_244' title='bbox 674 2833 741 2872; x_wconf 84' lang='lat' dir='ltr'><strong>vero</strong></span> <span class='ocrx_word' id='word_1_245' title='bbox 760 2765 852 2872; x_wconf 73' lang='lat' dir='ltr'><strong>deicit</strong></span> <span class='ocrx_word' id='word_1_246' title='bbox 937 2817 970 2873; x_wconf 89' lang='lat' dir='ltr'><strong>V.</strong></span> <span class='ocrx_word' id='word_1_247' title='bbox 983 2821 1007 2872; x_wconf 80' lang='lat'><strong>2.</strong></span> <span class='ocrx_word' id='word_1_248' title='bbox 1034 2814 1163 2888; x_wconf 73' lang='lat' dir='ltr'><strong>amissas]</strong></span> <span class='ocrx_word' id='word_1_249' title='bbox 1190 2814 1226 2870; x_wconf 86' lang='lat' dir='ltr'><strong>of.</strong></span> <span class='ocrx_word' id='word_1_250' title='bbox 1251 2814 1334 2870; x_wconf 85' lang='lat' dir='ltr'><strong>Hom</strong></span> <span class='ocrx_word' id='word_1_251' title='bbox 1355 2813 1404 2897; x_wconf 65' lang='lat' dir='ltr'><strong>ild</strong></span> <span class='ocrx_word' id='word_1_252' title='bbox 1423 2809 1467 2877; x_wconf 77' lang='lat' dir='ltr'><strong>xt,</strong></span> <span class='ocrx_word' id='word_1_253' title='bbox 1550 2813 1551 2878; x_wconf 61' lang='grc' dir='ltr'>ζ</span> 
     </span>
     <span class='ocr_line' id='line_1_28' title="bbox 277 2883 1469 2958; baseline -0.005 -18"><span class='ocrx_word' id='word_1_254' title='bbox 277 2885 359 2940; x_wconf 79' lang='lat' dir='ltr'><strong>mulis</strong></span> <span class='ocrx_word' id='word_1_255' title='bbox 399 2886 462 2940; x_wconf 89' lang='lat' dir='ltr'><strong>istis</strong></span> <span class='ocrx_word' id='word_1_256' title='bbox 498 2885 658 2942; x_wconf 81' lang='lat' dir='ltr'><strong>hominibus</strong></span> <span class='ocrx_word' id='word_1_257' title='bbox 686 2889 851 2958; x_wconf 80' lang='lat' dir='ltr'><strong>cupiditatis</strong></span> <span class='ocrx_word' id='word_1_258' title='bbox 904 2889 1171 2954; x_wconf 74' lang='lat' dir='ltr'><strong>113—116.-Qnsd</strong></span> <span class='ocrx_word' id='word_1_259' title='bbox 1179 2885 1263 2956; x_wconf 81' lang='lat' dir='ltr'><strong>rides]</strong></span> <span class='ocrx_word' id='word_1_260' title='bbox 1285 2885 1376 2941; x_wconf 75' lang='lat' dir='ltr'><strong>Ulixis</strong></span> <span class='ocrx_word' id='word_1_261' title='bbox 1388 2883 1469 2937; x_wconf 83' lang='lat' dir='ltr'><strong>verba</strong></span> 
     </span>
     <span class='ocr_line' id='line_1_29' title="bbox 277 2956 1551 3029; baseline -0.003 -18"><span class='ocrx_word' id='word_1_262' title='bbox 277 2975 293 3011; x_wconf 89' lang='lat' dir='ltr'><strong>e</strong></span> <span class='ocrx_word' id='word_1_263' title='bbox 333 2957 432 3012; x_wconf 90' lang='lat' dir='ltr'><strong>landae</strong></span> <span class='ocrx_word' id='word_1_264' title='bbox 459 2958 584 3027; x_wconf 89' lang='lat' dir='ltr'><strong>occasio;</strong></span> <span class='ocrx_word' id='word_1_265' title='bbox 611 2958 720 3014; x_wconf 85' lang='lat' dir='ltr'><strong>adiuvit</strong></span> <span class='ocrx_word' id='word_1_266' title='bbox 740 2976 850 3015; x_wconf 87' lang='lat' dir='ltr'><strong>morum</strong></span> <span class='ocrx_word' id='word_1_267' title='bbox 902 2963 982 3029; x_wconf 83' lang='lat' dir='ltr'><strong>sunt3</strong></span> <span class='ocrx_word' id='word_1_268' title='bbox 1005 2965 1084 3016; x_wconf 80' lang='lat' dir='ltr'><strong>vates</strong></span> <span class='ocrx_word' id='word_1_269' title='bbox 1101 2959 1184 3024; x_wconf 86' lang='lat' dir='ltr'><strong>enim,</strong></span> <span class='ocrx_word' id='word_1_270' title='bbox 1203 2957 1269 3013; x_wconf 89' lang='lat' dir='ltr'><strong>dum</strong></span> <span class='ocrx_word' id='word_1_271' title='bbox 1288 2957 1338 3012; x_wconf 89' lang='lat' dir='ltr'><strong>ille</strong></span> <span class='ocrx_word' id='word_1_272' title='bbox 1356 2956 1470 3010; x_wconf 86' lang='lat' dir='ltr'><strong>interro·</strong></span> <span class='ocrx_word' id='word_1_273' title='bbox 1550 2989 1551 3008; x_wconf 57' lang='lat'><strong>,</strong></span> 
     </span>
     <span class='ocr_line' id='line_1_30' title="bbox 276 3023 1551 3094; baseline -0.005 -11"><span class='ocrx_word' id='word_1_274' title='bbox 276 3028 398 3083; x_wconf 90' lang='lat' dir='ltr'><strong>neanda</strong></span> <span class='ocrx_word' id='word_1_275' title='bbox 423 3027 551 3084; x_wconf 85' lang='lat' dir='ltr'><strong>foeditas.</strong></span> <span class='ocrx_word' id='word_1_276' title='bbox 597 3029 703 3084; x_wconf 84' lang='lat' dir='ltr'><strong>Multos</strong></span> <span class='ocrx_word' id='word_1_277' title='bbox 724 3031 850 3086; x_wconf 87' lang='lat' dir='ltr'><strong>enimes</strong></span> <span class='ocrx_word' id='word_1_278' title='bbox 939 3029 1006 3086; x_wconf 88' lang='lat' dir='ltr'><strong>tdc</strong></span> <span class='ocrx_word' id='word_1_279' title='bbox 1025 3047 1091 3086; x_wconf 86' lang='lat' dir='ltr'><strong>recu</strong></span> <span class='ocrx_word' id='word_1_280' title='bbox 1112 3029 1224 3085; x_wconf 85' lang='lat' dir='ltr'><strong>arandis</strong></span> <span class='ocrx_word' id='word_1_281' title='bbox 1238 3030 1334 3094; x_wconf 90' lang='lat' dir='ltr'><strong>rebus,</strong></span> <span class='ocrx_word' id='word_1_282' title='bbox 1348 3027 1418 3082; x_wconf 86' lang='lat' dir='ltr'><strong>risit.</strong></span> <span class='ocrx_word' id='word_1_283' title='bbox 1436 3023 1469 3079; x_wconf 84' lang='lat' dir='ltr'><strong>cf.</strong></span> <span class='ocrx_word' id='word_1_284' title='bbox 1550 3073 1551 3078; x_wconf 74' lang='grc'>,</span> 
     </span>
     <span class='ocr_line' id='line_1_31' title="bbox 277 3097 1551 3180; baseline -0.005 -26"><span class='ocrx_word' id='word_1_285' title='bbox 277 3104 381 3166; x_wconf 83' lang='lat' dir='ltr'><strong>aetate,</strong></span> <span class='ocrx_word' id='word_1_286' title='bbox 401 3116 471 3169; x_wconf 86' lang='lat' dir='ltr'><strong>quos</strong></span> <span class='ocrx_word' id='word_1_287' title='bbox 488 3101 599 3155; x_wconf 85' lang='lat' dir='ltr'><strong>luxuria</strong></span> <span class='ocrx_word' id='word_1_288' title='bbox 617 3104 647 3156; x_wconf 91' lang='lat' dir='ltr'><strong>ct</strong></span> <span class='ocrx_word' id='word_1_289' title='bbox 656 3100 743 3155; x_wconf 89' lang='lat' dir='ltr'><strong>libido</strong></span> <span class='ocrx_word' id='word_1_290' title='bbox 759 3111 851 3157; x_wconf 88' lang='lat' dir='ltr'><strong>a&#39;ma·</strong></span> <span class='ocrx_word' id='word_1_291' title='bbox 928 3119 982 3158; x_wconf 87' lang='lat' dir='ltr'><strong>om.</strong></span> <span class='ocrx_word' id='word_1_292' title='bbox 1006 3099 1057 3156; x_wconf 89' lang='lat' dir='ltr'><strong>Od.</strong></span> <span class='ocrx_word' id='word_1_293' title='bbox 1122 3101 1161 3166; x_wconf 88' lang='lat'><strong>11,</strong></span> <span class='ocrx_word' id='word_1_294' title='bbox 1178 3103 1229 3156; x_wconf 77' lang='lat'><strong>291</strong></span> <span class='ocrx_word' id='word_1_295' title='bbox 1248 3117 1308 3171; x_wconf 88' lang='lat' dir='ltr'><strong>sqq.</strong></span> <span class='ocrx_word' id='word_1_296' title='bbox 1355 3097 1470 3180; x_wconf 78' lang='lat' dir='ltr'><strong>Dolosua</strong></span> <span class='ocrx_word' id='word_1_297' title='bbox 1550 3107 1551 3118; x_wconf 67' lang='lat'><em>²</em></span> 
     </span>
     <span class='ocr_line' id='line_1_32' title="bbox 277 3169 1471 3238; baseline -0.003 -13"><span class='ocrx_word' id='word_1_298' title='bbox 277 3171 556 3227; x_wconf 87' lang='lat' dir='ltr'><strong>trimoniisinaundis</strong></span> <span class='ocrx_word' id='word_1_299' title='bbox 566 3172 776 3238; x_wconf 83' lang='lat' dir='ltr'><strong>deterruerunt,</strong></span> <span class='ocrx_word' id='word_1_300' title='bbox 790 3190 848 3228; x_wconf 84' lang='lat' dir='ltr'><strong>eae·</strong></span> <span class='ocrx_word' id='word_1_301' title='bbox 902 3175 975 3229; x_wconf 88' lang='lat' dir='ltr'><strong>enirn</strong></span> <span class='ocrx_word' id='word_1_302' title='bbox 992 3173 1096 3237; x_wconf 81' lang='lat' dir='ltr'><strong>Ulixes,</strong></span> <span class='ocrx_word' id='word_1_303' title='bbox 1121 3173 1168 3226; x_wconf 87' lang='lat' dir='ltr'><strong>cui</strong></span> <span class='ocrx_word' id='word_1_304' title='bbox 1191 3177 1257 3226; x_wconf 84' lang='lat' dir='ltr'><strong>anta</strong></span> <span class='ocrx_word' id='word_1_305' title='bbox 1281 3169 1410 3226; x_wconf 83' lang='lat' dir='ltr'><strong>sufficere</strong></span> <span class='ocrx_word' id='word_1_306' title='bbox 1436 3185 1471 3221; x_wconf 86' lang='lat' dir='ltr'><strong>sr-</strong></span> 
     </span>
     <span class='ocr_line' id='line_1_33' title="bbox 278 3242 1472 3315; baseline -0.004 -18"><span class='ocrx_word' id='word_1_307' title='bbox 278 3242 341 3298; x_wconf 89' lang='lat' dir='ltr'><strong>lebs</strong></span> <span class='ocrx_word' id='word_1_308' title='bbox 357 3244 416 3297; x_wconf 82' lang='lat' dir='ltr'><strong>rita</strong></span> <span class='ocrx_word' id='word_1_309' title='bbox 433 3246 464 3296; x_wconf 89' lang='lat' dir='ltr'><strong>ot</strong></span> <span class='ocrx_word' id='word_1_310' title='bbox 481 3248 611 3298; x_wconf 90' lang='lat' dir='ltr'><strong>senectus</strong></span> <span class='ocrx_word' id='word_1_311' title='bbox 636 3247 746 3314; x_wconf 76' lang='lat' dir='ltr'><strong>gratam</strong></span> <span class='ocrx_word' id='word_1_312' title='bbox 772 3261 853 3315; x_wconf 87' lang='lat' dir='ltr'><strong>prae·</strong></span> <span class='ocrx_word' id='word_1_313' title='bbox 903 3244 1016 3300; x_wconf 87' lang='lat' dir='ltr'><strong>deretur</strong></span> <span class='ocrx_word' id='word_1_314' title='bbox 1036 3245 1061 3298; x_wconf 89' lang='lat' dir='ltr'><strong>si</strong></span> <span class='ocrx_word' id='word_1_315' title='bbox 1074 3243 1117 3299; x_wconf 87' lang='lat' dir='ltr'><strong>vel</strong></span> <span class='ocrx_word' id='word_1_316' title='bbox 1128 3244 1234 3298; x_wconf 85' lang='lat' dir='ltr'><strong>fumum</strong></span> <span class='ocrx_word' id='word_1_317' title='bbox 1244 3259 1277 3297; x_wconf 81' lang='lat' dir='ltr'><strong>aa</strong></span> <span class='ocrx_word' id='word_1_318' title='bbox 1292 3243 1387 3312; x_wconf 87' lang='lat' dir='ltr'><strong>patria</strong></span> <span class='ocrx_word' id='word_1_319' title='bbox 1401 3246 1472 3295; x_wconf 82' lang='lat' dir='ltr'><strong>terra</strong></span> 
     </span>
     <span class='ocr_line' id='line_1_34' title="bbox 276 3307 1471 3384; baseline -0.003 -15"><span class='ocrx_word' id='word_1_320' title='bbox 276 3314 341 3369; x_wconf 89' lang='lat' dir='ltr'><strong>buit</strong></span> <span class='ocrx_word' id='word_1_321' title='bbox 357 3313 438 3383; x_wconf 85' lang='lat' dir='ltr'><strong>quasi</strong></span> <span class='ocrx_word' id='word_1_322' title='bbox 454 3316 589 3384; x_wconf 86' lang='lat' dir='ltr'><strong>praedam</strong></span> <span class='ocrx_word' id='word_1_323' title='bbox 606 3315 778 3370; x_wconf 83' lang='lat' dir='ltr'><strong>inhiantibus</strong></span> <span class='ocrx_word' id='word_1_324' title='bbox 803 3333 854 3370; x_wconf 92' lang='lat' dir='ltr'><strong>un·</strong></span> <span class='ocrx_word' id='word_1_325' title='bbox 902 3315 1099 3372; x_wconf 85' lang='lat' dir='ltr'><strong>ascendentem</strong></span> <span class='ocrx_word' id='word_1_326' title='bbox 1117 3315 1294 3384; x_wconf 80' lang='lat' dir='ltr'><strong>conspiceret</strong></span> <span class='ocrx_word' id='word_1_327' title='bbox 1311 3313 1405 3384; x_wconf 84' lang='lat' dir='ltr'><strong>(Hom.</strong></span> <span class='ocrx_word' id='word_1_328' title='bbox 1422 3307 1471 3364; x_wconf 80' lang='lat' dir='ltr'><strong>Od.</strong></span> 
     </span>
     <span class='ocr_line' id='line_1_35' title="bbox 277 3383 1472 3455; baseline -0.003 -16"><span class='ocrx_word' id='word_1_329' title='bbox 277 3385 363 3454; x_wconf 87' lang='lat' dir='ltr'><strong>dique</strong></span> <span class='ocrx_word' id='word_1_330' title='bbox 372 3383 552 3455; x_wconf 85' lang='lat' dir='ltr'><strong>heredipetis.</strong></span> <span class='ocrx_word' id='word_1_331' title='bbox 576 3385 653 3454; x_wconf 77' lang='lat' dir='ltr'><strong>Quos</strong></span> <span class='ocrx_word' id='word_1_332' title='bbox 667 3404 731 3441; x_wconf 90' lang='lat' dir='ltr'><strong>cum</strong></span> <span class='ocrx_word' id='word_1_333' title='bbox 748 3387 851 3442; x_wconf 84' lang='lat' dir='ltr'><strong>merito</strong></span> <span class='ocrx_word' id='word_1_334' title='bbox 902 3388 924 3452; x_wconf 89' lang='lat'><strong>1,</strong></span> <span class='ocrx_word' id='word_1_335' title='bbox 935 3390 990 3452; x_wconf 75' lang='lat'><strong>58,</strong></span> <span class='ocrx_word' id='word_1_336' title='bbox 1009 3391 1066 3442; x_wconf 77' lang='lat' dir='ltr'><strong>teas</strong></span> <span class='ocrx_word' id='word_1_337' title='bbox 1082 3387 1189 3442; x_wconf 86' lang='lat' dir='ltr'><strong>maiora</strong></span> <span class='ocrx_word' id='word_1_338' title='bbox 1207 3387 1334 3454; x_wconf 80' lang='lat' dir='ltr'><strong>exoptat.</strong></span> <span class='ocrx_word' id='word_1_339' title='bbox 1351 3413 1380 3424; x_wconf 95' lang='lat'>-</span> <span class='ocrx_word' id='word_1_340' title='bbox 1395 3386 1472 3438; x_wconf 70' lang='lat' dir='ltr'><strong>sitim</strong></span> 
     </span>
     <span class='ocr_line' id='line_1_36' title="bbox 278 3453 1471 3538; baseline -0.003 -27"><span class='ocrx_word' id='word_1_341' title='bbox 278 3457 336 3511; x_wconf 86' lang='lat' dir='ltr'><strong>sale</strong></span> <span class='ocrx_word' id='word_1_342' title='bbox 362 3456 498 3524; x_wconf 83' lang='lat' dir='ltr'><strong>perlricct</strong></span> <span class='ocrx_word' id='word_1_343' title='bbox 515 3458 658 3523; x_wconf 87' lang='lat' dir='ltr'><strong>Horatius,</strong></span> <span class='ocrx_word' id='word_1_344' title='bbox 686 3457 851 3513; x_wconf 89' lang='lat' dir='ltr'><strong>mollissimo</strong></span> <span class='ocrx_word' id='word_1_345' title='bbox 904 3463 968 3532; x_wconf 69' lang='lat' dir='ltr'><strong>alpe</strong></span> <span class='ocrx_word' id='word_1_346' title='bbox 1000 3457 1218 3522; x_wconf 84' lang='lat' dir='ltr'><strong>Carm.111,17,</strong></span> <span class='ocrx_word' id='word_1_347' title='bbox 1239 3459 1280 3512; x_wconf 83' lang='grc'><strong>10.</strong></span> <span class='ocrx_word' id='word_1_348' title='bbox 1310 3454 1389 3538; x_wconf 67' lang='lat' dir='ltr'><strong>virg.</strong></span> <span class='ocrx_word' id='word_1_349' title='bbox 1408 3453 1471 3508; x_wconf 81' lang='lat' dir='ltr'><strong>Bue-</strong></span> 
     </span>
     <span class='ocr_line' id='line_1_37' title="bbox 278 3526 1472 3608; baseline -0.003 -27"><span class='ocrx_word' id='word_1_350' title='bbox 278 3543 346 3581; x_wconf 76' lang='lat' dir='ltr'><strong>aeno</strong></span> <span class='ocrx_word' id='word_1_351' title='bbox 363 3543 466 3597; x_wconf 79' lang='lat' dir='ltr'><strong>genere</strong></span> <span class='ocrx_word' id='word_1_352' title='bbox 483 3529 588 3584; x_wconf 83' lang='lat' dir='ltr'><strong>satirae</strong></span> <span class='ocrx_word' id='word_1_353' title='bbox 607 3531 708 3596; x_wconf 88' lang='lat' dir='ltr'><strong>utitur,</strong></span> <span class='ocrx_word' id='word_1_354' title='bbox 740 3545 852 3584; x_wconf 86' lang='lat' dir='ltr'><strong>scenam</strong></span> <span class='ocrx_word' id='word_1_355' title='bbox 904 3533 984 3594; x_wconf 77' lang='grc'><strong>7,42.</strong></span> <span class='ocrx_word' id='word_1_356' title='bbox 1004 3557 1037 3569; x_wconf 89' lang='lat'><em>-</em></span> <span class='ocrx_word' id='word_1_357' title='bbox 1058 3533 1149 3584; x_wconf 78' lang='lat' dir='ltr'><strong>missis</strong></span> <span class='ocrx_word' id='word_1_358' title='bbox 1168 3527 1334 3598; x_wconf 62' lang='lat' dir='ltr'><strong>amhagibus]</strong></span> <span class='ocrx_word' id='word_1_359' title='bbox 1362 3543 1381 3582; x_wconf 82' lang='lat'><strong>1.</strong></span> <span class='ocrx_word' id='word_1_360' title='bbox 1400 3541 1423 3608; x_wconf 61' lang='grc' dir='ltr'><strong>οἶ</strong></span> <span class='ocrx_word' id='word_1_361' title='bbox 1442 3526 1472 3577; x_wconf 88' lang='lat' dir='ltr'><strong>ut</strong></span> 
     </span>
     <span class='ocr_line' id='line_1_38' title="bbox 278 3595 1472 3668; baseline -0.004 -16"><span class='ocrx_word' id='word_1_362' title='bbox 278 3601 368 3668; x_wconf 86' lang='lat' dir='ltr'><strong>ipsam</strong></span> <span class='ocrx_word' id='word_1_363' title='bbox 391 3629 426 3638; x_wconf 90' lang='lat'>—</span> <span class='ocrx_word' id='word_1_364' title='bbox 455 3616 519 3654; x_wconf 84' lang='lat' dir='ltr'><strong>nam</strong></span> <span class='ocrx_word' id='word_1_365' title='bbox 548 3599 635 3654; x_wconf 82' lang='lat' dir='ltr'><strong>satire</strong></span> <span class='ocrx_word' id='word_1_366' title='bbox 659 3604 720 3655; x_wconf 89' lang='lat' dir='ltr'><strong>tota</strong></span> <span class='ocrx_word' id='word_1_367' title='bbox 744 3601 852 3655; x_wconf 84' lang='lat' dir='ltr'><strong>drama·</strong></span> <span class='ocrx_word' id='word_1_368' title='bbox 903 3602 1030 3656; x_wconf 85' lang='lat' dir='ltr'><strong>breviter</strong></span> <span class='ocrx_word' id='word_1_369' title='bbox 1056 3599 1160 3667; x_wconf 82' lang='lat' dir='ltr'><strong>dicasn3</strong></span> <span class='ocrx_word' id='word_1_370' title='bbox 1189 3615 1254 3654; x_wconf 85' lang='lat' dir='ltr'><strong>nem</strong></span> <span class='ocrx_word' id='word_1_371' title='bbox 1282 3615 1354 3668; x_wconf 85' lang='lat' dir='ltr'><strong>quae</strong></span> <span class='ocrx_word' id='word_1_372' title='bbox 1382 3595 1472 3651; x_wconf 75' lang='lat' dir='ltr'><strong>Ulixes</strong></span> 
     </span>
     <span class='ocr_line' id='line_1_39' title="bbox 276 3669 1472 3748; baseline -0.003 -25"><span class='ocrx_word' id='word_1_373' title='bbox 276 3671 336 3725; x_wconf 88' lang='lat' dir='ltr'><strong>tica</strong></span> <span class='ocrx_word' id='word_1_374' title='bbox 359 3671 403 3724; x_wconf 86' lang='lat' dir='ltr'><strong>cst</strong></span> <span class='ocrx_word' id='word_1_375' title='bbox 427 3698 462 3708; x_wconf 97' lang='lat'>-</span> <span class='ocrx_word' id='word_1_376' title='bbox 487 3688 523 3724; x_wconf 86' lang='lat' dir='ltr'><strong>ex</strong></span> <span class='ocrx_word' id='word_1_377' title='bbox 549 3687 600 3726; x_wconf 83' lang='lat' dir='ltr'><strong>sua</strong></span> <span class='ocrx_word' id='word_1_378' title='bbox 626 3677 720 3727; x_wconf 86' lang='lat' dir='ltr'><strong>aetate</strong></span> <span class='ocrx_word' id='word_1_379' title='bbox 748 3685 853 3742; x_wconf 83' lang='lat' dir='ltr'><strong>suaque</strong></span> <span class='ocrx_word' id='word_1_380' title='bbox 903 3672 1018 3727; x_wconf 88' lang='lat' dir='ltr'><strong>uberius</strong></span> <span class='ocrx_word' id='word_1_381' title='bbox 1043 3675 1212 3742; x_wconf 82' lang='lat' dir='ltr'><strong>exposuerat</strong></span> <span class='ocrx_word' id='word_1_382' title='bbox 1237 3676 1267 3724; x_wconf 86' lang='lat' dir='ltr'><strong>ct</strong></span> <span class='ocrx_word' id='word_1_383' title='bbox 1309 3669 1371 3724; x_wconf 87' lang='lat' dir='ltr'><strong>nasi</strong></span> <span class='ocrx_word' id='word_1_384' title='bbox 1395 3683 1472 3748; x_wconf 81' lang='lat' dir='ltr'><strong>excu-</strong></span> 
     </span>
     <span class='ocr_line' id='line_1_40' title="bbox 277 3737 1473 3814; baseline -0.004 -19"><span class='ocrx_word' id='word_1_385' title='bbox 277 3741 372 3811; x_wconf 87' lang='lat' dir='ltr'><strong>patria</strong></span> <span class='ocrx_word' id='word_1_386' title='bbox 394 3740 426 3794; x_wconf 86' lang='lat' dir='ltr'><strong>in</strong></span> <span class='ocrx_word' id='word_1_387' title='bbox 448 3742 643 3810; x_wconf 83' lang='lat' dir='ltr'><strong>antiquissime</strong></span> <span class='ocrx_word' id='word_1_388' title='bbox 668 3747 798 3814; x_wconf 87' lang='lat' dir='ltr'><strong>tempora</strong></span> <span class='ocrx_word' id='word_1_389' title='bbox 816 3742 854 3798; x_wconf 88' lang='lat' dir='ltr'><strong>ad</strong></span> <span class='ocrx_word' id='word_1_390' title='bbox 905 3760 967 3800; x_wconf 84' lang='lat' dir='ltr'><strong>sare</strong></span> <span class='ocrx_word' id='word_1_391' title='bbox 994 3747 1161 3808; x_wconf 81' lang='lat' dir='ltr'><strong>tentaverat,</strong></span> <span class='ocrx_word' id='word_1_392' title='bbox 1189 3757 1222 3796; x_wconf 85' lang='lat' dir='ltr'><strong>ea</strong></span> <span class='ocrx_word' id='word_1_393' title='bbox 1246 3741 1302 3795; x_wconf 90' lang='lat' dir='ltr'><strong>duo</strong></span> <span class='ocrx_word' id='word_1_394' title='bbox 1323 3757 1357 3794; x_wconf 89' lang='lat' dir='ltr'><strong>us</strong></span> <span class='ocrx_word' id='word_1_395' title='bbox 1383 3737 1473 3794; x_wconf 78' lang='lat' dir='ltr'><strong>serbis</strong></span> 
     </span>
     <span class='ocr_line' id='line_1_41' title="bbox 281 3811 1473 3885; baseline -0.003 -18"><span class='ocrx_word' id='word_1_396' title='bbox 281 3812 457 3882; x_wconf 79' lang='lat' dir='ltr'><strong>Graecosque</strong></span> <span class='ocrx_word' id='word_1_397' title='bbox 474 3813 600 3868; x_wconf 88' lang='lat' dir='ltr'><strong>homines</strong></span> <span class='ocrx_word' id='word_1_398' title='bbox 628 3815 766 3884; x_wconf 76' lang='lat' dir='ltr'><strong>relegans.</strong></span> <span class='ocrx_word' id='word_1_399' title='bbox 812 3814 855 3870; x_wconf 83' lang='lat' dir='ltr'><strong>lte</strong></span> <span class='ocrx_word' id='word_1_400' title='bbox 904 3815 1102 3885; x_wconf 85' lang='lat' dir='ltr'><strong>complectitur</strong></span> <span class='ocrx_word' id='word_1_401' title='bbox 1138 3811 1275 3882; x_wconf 84' lang='lat' dir='ltr'><strong>Tiresias,</strong></span> <span class='ocrx_word' id='word_1_402' title='bbox 1319 3813 1473 3884; x_wconf 67' lang='lat' dir='ltr'><strong>paupertate</strong></span> 
     </span>
     <span class='ocr_line' id='line_1_42' title="bbox 278 3879 1472 3955; baseline -0.004 -17"><span class='ocrx_word' id='word_1_403' title='bbox 278 3883 354 3938; x_wconf 79' lang='lat' dir='ltr'><strong>enim</strong></span> <span class='ocrx_word' id='word_1_404' title='bbox 374 3900 433 3938; x_wconf 78' lang='lat' dir='ltr'><strong>rem</strong></span> <span class='ocrx_word' id='word_1_405' title='bbox 454 3883 536 3939; x_wconf 85' lang='lat' dir='ltr'><strong>finxit</strong></span> <span class='ocrx_word' id='word_1_406' title='bbox 552 3890 646 3955; x_wconf 81' lang='lat' dir='ltr'><strong>poeta,</strong></span> <span class='ocrx_word' id='word_1_407' title='bbox 664 3885 744 3954; x_wconf 83' lang='lat' dir='ltr'><strong>quasi</strong></span> <span class='ocrx_word' id='word_1_408' title='bbox 758 3885 854 3941; x_wconf 71' lang='lat' dir='ltr'><strong>Ulixes</strong></span> <span class='ocrx_word' id='word_1_409' title='bbox 905 3890 1008 3940; x_wconf 77' lang='lat' dir='ltr'><strong>herres-</strong></span> <span class='ocrx_word' id='word_1_410' title='bbox 1029 3913 1059 3926; x_wconf 91' lang='lat'><strong>-·</strong></span> <span class='ocrx_word' id='word_1_411' title='bbox 1074 3887 1174 3940; x_wconf 79' lang='lat' dir='ltr'><strong>Tardus</strong></span> <span class='ocrx_word' id='word_1_412' title='bbox 1195 3889 1252 3939; x_wconf 81' lang='lat' dir='ltr'><strong>sice</strong></span> <span class='ocrx_word' id='word_1_413' title='bbox 1272 3881 1360 3952; x_wconf 72' lang='lat' dir='ltr'><strong>uliud]</strong></span> <span class='ocrx_word' id='word_1_414' title='bbox 1378 3879 1472 3935; x_wconf 67' lang='lat' dir='ltr'><strong>Altera</strong></span> 
     </span>
     <span class='ocr_line' id='line_1_43' title="bbox 278 3952 1473 4034; baseline -0.003 -24"><span class='ocrx_word' id='word_1_415' title='bbox 278 3955 424 4018; x_wconf 64' lang='lat' dir='ltr'><strong>tiresiam,</strong></span> <span class='ocrx_word' id='word_1_416' title='bbox 461 3959 555 4011; x_wconf 83' lang='lat' dir='ltr'><strong>ratem</strong></span> <span class='ocrx_word' id='word_1_417' title='bbox 583 3957 758 4022; x_wconf 84' lang='lat' dir='ltr'><strong>Thebanum,</strong></span> <span class='ocrx_word' id='word_1_418' title='bbox 787 3974 856 4026; x_wconf 90' lang='lat' dir='ltr'><strong>quo·</strong></span> <span class='ocrx_word' id='word_1_419' title='bbox 925 3956 1044 4012; x_wconf 86' lang='lat' dir='ltr'><strong>articula</strong></span> <span class='ocrx_word' id='word_1_420' title='bbox 1063 3962 1118 4012; x_wconf 79' lang='lat' dir='ltr'><strong>sios</strong></span> <span class='ocrx_word' id='word_1_421' title='bbox 1136 3956 1239 4010; x_wconf 86' lang='lat' dir='ltr'><strong>omissa</strong></span> <span class='ocrx_word' id='word_1_422' title='bbox 1255 3957 1308 4025; x_wconf 86' lang='lat' dir='ltr'><strong>est,</strong></span> <span class='ocrx_word' id='word_1_423' title='bbox 1335 3959 1366 4008; x_wconf 87' lang='lat' dir='ltr'><strong>nt</strong></span> <span class='ocrx_word' id='word_1_424' title='bbox 1385 3952 1473 4034; x_wconf 71' lang='lat' dir='ltr'><strong>Carni.</strong></span> 
     </span>
     <span class='ocr_line' id='line_1_44' title="bbox 278 3973 1474 4110; baseline -0.006 -28"><span class='ocrx_word' id='word_1_425' title='bbox 278 4044 342 4082; x_wconf 86' lang='lat' dir='ltr'><strong>cum</strong></span> <span class='ocrx_word' id='word_1_426' title='bbox 368 4027 398 4081; x_wconf 91' lang='lat' dir='ltr'><strong>in</strong></span> <span class='ocrx_word' id='word_1_427' title='bbox 424 4027 521 4082; x_wconf 81' lang='lat' dir='ltr'><strong>inferis</strong></span> <span class='ocrx_word' id='word_1_428' title='bbox 553 4027 730 4084; x_wconf 84' lang='lat' dir='ltr'><strong>convenisset</strong></span> <span class='ocrx_word' id='word_1_429' title='bbox 762 4029 853 4094; x_wconf 88' lang='lat' dir='ltr'><strong>(Hom.</strong></span> <span class='ocrx_word' id='word_1_430' title='bbox 904 3973 1474 4110; x_wconf 60' lang='lat' dir='ltr'><strong>it,16ubivide.-ptm]1’ropne</strong></span> 
     </span>
     <span class='ocr_line' id='line_1_45' title="bbox 278 4091 1474 4170; baseline -0.005 -17"><span class='ocrx_word' id='word_1_431' title='bbox 278 4099 330 4154; x_wconf 89' lang='lat' dir='ltr'><strong>Od.</strong></span> <span class='ocrx_word' id='word_1_432' title='bbox 348 4098 398 4162; x_wconf 87' lang='lat' dir='ltr'><strong>XI,</strong></span> <span class='ocrx_word' id='word_1_433' title='bbox 415 4101 451 4153; x_wconf 81' lang='lat'><strong>90</strong></span> <span class='ocrx_word' id='word_1_434' title='bbox 471 4099 552 4168; x_wconf 80' lang='lat' dir='ltr'><strong>sqq),</strong></span> <span class='ocrx_word' id='word_1_435' title='bbox 586 4099 621 4153; x_wconf 84' lang='lat' dir='ltr'><strong>de</strong></span> <span class='ocrx_word' id='word_1_436' title='bbox 655 4100 751 4154; x_wconf 84' lang='lat' dir='ltr'><strong>lutura</strong></span> <span class='ocrx_word' id='word_1_437' title='bbox 778 4100 854 4154; x_wconf 83' lang='lat' dir='ltr'><strong>ritae</strong></span> <span class='ocrx_word' id='word_1_438' title='bbox 904 4100 986 4170; x_wconf 78' lang='lat' dir='ltr'><strong>priva</strong></span> <span class='ocrx_word' id='word_1_439' title='bbox 1014 4104 1080 4154; x_wconf 82' lang='lat' dir='ltr'><strong>sunt</strong></span> <span class='ocrx_word' id='word_1_440' title='bbox 1105 4115 1177 4168; x_wconf 81' lang='lat' dir='ltr'><strong>quae</strong></span> <span class='ocrx_word' id='word_1_441' title='bbox 1204 4095 1314 4166; x_wconf 77' lang='lat' dir='ltr'><strong>singula</strong></span> <span class='ocrx_word' id='word_1_442' title='bbox 1336 4095 1403 4150; x_wconf 85' lang='lat' dir='ltr'><strong>suut</strong></span> <span class='ocrx_word' id='word_1_443' title='bbox 1431 4091 1474 4148; x_wconf 82' lang='lat' dir='ltr'><strong>sel</strong></span> 
     </span>
     <span class='ocr_line' id='line_1_46' title="bbox 279 4165 1551 4241; baseline -0.006 -16"><span class='ocrx_word' id='word_1_444' title='bbox 279 4169 444 4225; x_wconf 87' lang='lat' dir='ltr'><strong>condicione</strong></span> <span class='ocrx_word' id='word_1_445' title='bbox 473 4187 583 4239; x_wconf 86' lang='lat' dir='ltr'><strong>quaque</strong></span> <span class='ocrx_word' id='word_1_446' title='bbox 607 4173 637 4225; x_wconf 89' lang='lat' dir='ltr'><strong>in</strong></span> <span class='ocrx_word' id='word_1_447' title='bbox 662 4169 786 4225; x_wconf 85' lang='lat' dir='ltr'><strong>ithacam</strong></span> <span class='ocrx_word' id='word_1_448' title='bbox 810 4187 853 4224; x_wconf 89' lang='lat' dir='ltr'><strong>rs·</strong></span> <span class='ocrx_word' id='word_1_449' title='bbox 905 4171 1058 4241; x_wconf 77' lang='lat' dir='ltr'><strong>singularis</strong></span> <span class='ocrx_word' id='word_1_450' title='bbox 1067 4175 1098 4225; x_wconf 87' lang='lat' dir='ltr'><strong>ut</strong></span> <span class='ocrx_word' id='word_1_451' title='bbox 1109 4169 1185 4239; x_wconf 87' lang='lat' dir='ltr'><strong>apud</strong></span> <span class='ocrx_word' id='word_1_452' title='bbox 1193 4169 1254 4224; x_wconf 82' lang='lat' dir='ltr'><strong>Lis.</strong></span> <span class='ocrx_word' id='word_1_453' title='bbox 1263 4165 1347 4234; x_wconf 78' lang='lat' dir='ltr'><strong>XXX,</strong></span> <span class='ocrx_word' id='word_1_454' title='bbox 1358 4168 1408 4220; x_wconf 75' lang='lat'><strong>48:</strong></span> <span class='ocrx_word' id='word_1_455' title='bbox 1430 4167 1476 4217; x_wconf 81' lang='lat' dir='ltr'><strong>»ut</strong></span> <span class='ocrx_word' id='word_1_456' title='bbox 1550 4225 1551 4230; x_wconf 7' lang='grc' dir='ltr'>ἵ</span> 
     </span>
     <span class='ocr_line' id='line_1_47' title="bbox 278 4240 1475 4312; baseline -0.006 -16"><span class='ocrx_word' id='word_1_457' title='bbox 278 4258 376 4296; x_wconf 85' lang='lat' dir='ltr'><strong>sersus</strong></span> <span class='ocrx_word' id='word_1_458' title='bbox 404 4240 506 4296; x_wconf 90' lang='lat' dir='ltr'><strong>amissa</strong></span> <span class='ocrx_word' id='word_1_459' title='bbox 530 4242 604 4296; x_wconf 91' lang='lat' dir='ltr'><strong>bona</strong></span> <span class='ocrx_word' id='word_1_460' title='bbox 628 4241 736 4312; x_wconf 85' lang='lat' dir='ltr'><strong>optime</strong></span> <span class='ocrx_word' id='word_1_461' title='bbox 758 4245 854 4312; x_wconf 88' lang='lat' dir='ltr'><strong>posset</strong></span> <span class='ocrx_word' id='word_1_462' title='bbox 904 4248 996 4312; x_wconf 78' lang='lat' dir='ltr'><strong>prs&#39;oos</strong></span> <span class='ocrx_word' id='word_1_463' title='bbox 1016 4240 1123 4312; x_wconf 83' lang='lat' dir='ltr'><strong>lapides</strong></span> <span class='ocrx_word' id='word_1_464' title='bbox 1141 4241 1232 4296; x_wconf 87' lang='lat' dir='ltr'><strong>silices</strong></span> <span class='ocrx_word' id='word_1_465' title='bbox 1251 4245 1397 4312; x_wconf 74' lang='lat' dir='ltr'><strong>privasque</strong></span> <span class='ocrx_word' id='word_1_466' title='bbox 1416 4251 1475 4292; x_wconf 79' lang='lat' dir='ltr'><strong>rer·</strong></span> 
     </span>
     <span class='ocr_line' id='line_1_48' title="bbox 279 4307 1551 4383; baseline -0.003 -15"><span class='ocrx_word' id='word_1_467' title='bbox 279 4313 389 4368; x_wconf 87' lang='lat' dir='ltr'><strong>ratione</strong></span> <span class='ocrx_word' id='word_1_468' title='bbox 406 4329 582 4382; x_wconf 81' lang='lat' dir='ltr'><strong>recuperare,</strong></span> <span class='ocrx_word' id='word_1_469' title='bbox 602 4312 779 4383; x_wconf 81' lang='lat' dir='ltr'><strong>interrogare</strong></span> <span class='ocrx_word' id='word_1_470' title='bbox 792 4331 855 4383; x_wconf 88' lang='lat' dir='ltr'><strong>per·</strong></span> <span class='ocrx_word' id='word_1_471' title='bbox 903 4313 989 4368; x_wconf 83' lang='lat' dir='ltr'><strong>benaa</strong></span> <span class='ocrx_word' id='word_1_472' title='bbox 1013 4329 1107 4368; x_wconf 86' lang='lat' dir='ltr'><strong>secum</strong></span> <span class='ocrx_word' id='word_1_473' title='bbox 1124 4311 1262 4380; x_wconf 60' lang='lat' dir='ltr'><strong>terrenus</strong></span> <span class='ocrx_word' id='word_1_474' title='bbox 1284 4307 1386 4366; x_wconf 86' lang='lat' dir='ltr'><strong>deinde</strong></span> <span class='ocrx_word' id='word_1_475' title='bbox 1397 4311 1475 4380; x_wconf 76' lang='lat' dir='ltr'><strong>prise</strong></span> <span class='ocrx_word' id='word_1_476' title='bbox 1550 4361 1551 4364; x_wconf 74' lang='grc'>,</span> 
     </span>
    </p>
   </div>
   <div class='ocr_carea' id='block_1_5' title="bbox 278 4379 1478 4670">
    <p class='ocr_par' dir='ltr' id='par_1_8' title="bbox 278 4379 1477 4527">
     <span class='ocr_line' id='line_1_49' title="bbox 279 4379 1475 4506; baseline -0.006 -68"><span class='ocrx_word' id='word_1_477' title='bbox 279 4387 368 4455; x_wconf 74' lang='lat' dir='ltr'><strong>geret.</strong></span> <span class='ocrx_word' id='word_1_478' title='bbox 386 4383 457 4450; x_wconf 86' lang='lat' dir='ltr'><strong>Iuda</strong></span> <span class='ocrx_word' id='word_1_479' title='bbox 474 4385 566 4454; x_wconf 87' lang='lat' dir='ltr'><strong>primo</strong></span> <span class='ocrx_word' id='word_1_480' title='bbox 579 4384 675 4439; x_wconf 87' lang='lat' dir='ltr'><strong>statim</strong></span> <span class='ocrx_word' id='word_1_481' title='bbox 689 4401 773 4439; x_wconf 84' lang='lat' dir='ltr'><strong>versu</strong></span> <span class='ocrx_word' id='word_1_482' title='bbox 791 4402 854 4455; x_wconf 87' lang='lat' dir='ltr'><strong>par·</strong></span> <span class='ocrx_word' id='word_1_483' title='bbox 904 4389 1048 4454; x_wconf 85' lang='lat' dir='ltr'><strong>ponuntur</strong></span> <span class='ocrx_word' id='word_1_484' title='bbox 1059 4379 1475 4506; x_wconf 74' lang='lat' dir='ltr'><strong>contraeaquaepublioasnnt,</strong></span> 
     </span>
     <span class='ocr_line' id='line_1_50' title="bbox 278 4451 1477 4527; baseline -0.005 -19"><span class='ocrx_word' id='word_1_485' title='bbox 278 4455 366 4510; x_wconf 86' lang='lat' dir='ltr'><strong>ticula</strong></span> <span class='ocrx_word' id='word_1_486' title='bbox 419 4475 494 4527; x_wconf 77' lang='lat' dir='ltr'><strong>oque,</strong></span> <span class='ocrx_word' id='word_1_487' title='bbox 523 4455 716 4525; x_wconf 87' lang='lat' dir='ltr'><strong>superioribus</strong></span> <span class='ocrx_word' id='word_1_488' title='bbox 733 4456 854 4510; x_wconf 85' lang='lat' dir='ltr'><strong>interro·</strong></span> <span class='ocrx_word' id='word_1_489' title='bbox 905 4462 937 4511; x_wconf 90' lang='lat' dir='ltr'><strong>ut</strong></span> <span class='ocrx_word' id='word_1_490' title='bbox 954 4455 1022 4510; x_wconf 87' lang='lat' dir='ltr'><strong>Hor.</strong></span> <span class='ocrx_word' id='word_1_491' title='bbox 1033 4454 1086 4526; x_wconf 84' lang='lat' dir='ltr'><strong>Ep.</strong></span> <span class='ocrx_word' id='word_1_492' title='bbox 1095 4453 1117 4519; x_wconf 90' lang='lat'><strong>1,</strong></span> <span class='ocrx_word' id='word_1_493' title='bbox 1130 4457 1204 4520; x_wconf 70' lang='lat' dir='ltr'><strong>ase.</strong></span> <span class='ocrx_word' id='word_1_494' title='bbox 1241 4451 1274 4510; x_wconf 90' lang='lat' dir='ltr'><strong>In</strong></span> <span class='ocrx_word' id='word_1_495' title='bbox 1292 4469 1309 4507; x_wconf 88' lang='lat' dir='ltr'><strong>e</strong></span> <span class='ocrx_word' id='word_1_496' title='bbox 1328 4456 1427 4508; x_wconf 77' lang='lat' dir='ltr'><strong>exorta</strong></span> <span class='ocrx_word' id='word_1_497' title='bbox 1445 4465 1477 4502; x_wconf 85' lang='lat' dir='ltr'><strong>ea</strong></span> 
     </span>
    </p>

    <p class='ocr_par' dir='ltr' id='par_1_9' title="bbox 315 4475 1478 4670">
     <span class='ocr_line' id='line_1_51' title="bbox 315 4475 1478 4606; baseline -0.004 -27"><span class='ocrx_word' id='word_1_498' title='bbox 315 4475 440 4581; x_wconf 73' lang='lat' dir='ltr'><strong>tioniiiiss</strong></span> <span class='ocrx_word' id='word_1_499' title='bbox 463 4544 565 4582; x_wconf 86' lang='lat' dir='ltr'><strong>novam</strong></span> <span class='ocrx_word' id='word_1_500' title='bbox 589 4527 670 4596; x_wconf 84' lang='lat' dir='ltr'><strong>quasi</strong></span> <span class='ocrx_word' id='word_1_501' title='bbox 691 4531 853 4582; x_wconf 81' lang='lat' dir='ltr'><strong>amectens.</strong></span> <span class='ocrx_word' id='word_1_502' title='bbox 905 4533 949 4582; x_wconf 83' lang='lat' dir='ltr'><strong>eat</strong></span> <span class='ocrx_word' id='word_1_503' title='bbox 966 4525 1143 4598; x_wconf 76' lang='lat' dir='ltr'><strong>significatio,</strong></span> <span class='ocrx_word' id='word_1_504' title='bbox 1161 4542 1242 4597; x_wconf 84' lang='lat' dir='ltr'><strong>quam</strong></span> <span class='ocrx_word' id='word_1_505' title='bbox 1263 4523 1320 4606; x_wconf 75' lang='lat' dir='ltr'><strong>bl.</strong></span> <span class='ocrx_word' id='word_1_506' title='bbox 1337 4521 1478 4578; x_wconf 81' lang='lat' dir='ltr'><strong>sententia</strong></span> 
     </span>
     <span class='ocr_line' id='line_1_52' title="bbox 319 4591 1477 4670; baseline -0.005 -19"><span class='ocrx_word' id='word_1_507' title='bbox 319 4595 386 4670; x_wconf 86' lang='lat' dir='ltr'><strong>pide</strong></span> <span class='ocrx_word' id='word_1_508' title='bbox 410 4597 515 4653; x_wconf 79' lang='lat' dir='ltr'><strong>iactum</strong></span> <span class='ocrx_word' id='word_1_509' title='bbox 541 4603 596 4667; x_wconf 83' lang='lat' dir='ltr'><strong>est,</strong></span> <span class='ocrx_word' id='word_1_510' title='bbox 619 4597 695 4668; x_wconf 89' lang='lat' dir='ltr'><strong>quod</strong></span> <span class='ocrx_word' id='word_1_511' title='bbox 722 4598 853 4664; x_wconf 84' lang='lat' dir='ltr'><strong>Tiresias,</strong></span> <span class='ocrx_word' id='word_1_512' title='bbox 904 4597 1053 4670; x_wconf 79' lang='lat' dir='ltr'><strong>efflagitat,</strong></span> <span class='ocrx_word' id='word_1_513' title='bbox 1076 4601 1110 4652; x_wconf 89' lang='lat' dir='ltr'><strong>ut</strong></span> <span class='ocrx_word' id='word_1_514' title='bbox 1126 4606 1230 4670; x_wconf 69' lang='lat' dir='ltr'><strong>prisea</strong></span> <span class='ocrx_word' id='word_1_515' title='bbox 1255 4599 1290 4650; x_wconf 81' lang='lat' dir='ltr'><strong>nt</strong></span> <span class='ocrx_word' id='word_1_516' title='bbox 1309 4595 1383 4650; x_wconf 87' lang='lat' dir='ltr'><strong>idem</strong></span> <span class='ocrx_word' id='word_1_517' title='bbox 1401 4591 1477 4661; x_wconf 86' lang='lat' dir='ltr'><strong>quod</strong></span> 
     </span>
    </p>
   </div>
   <div class='ocr_carea' id='block_1_6' title="bbox 0 0 1578 5225">
    <p class='ocr_par' dir='ltr' id='par_1_10' title="bbox 0 0 1578 5225">
     <span class='ocr_line' id='line_1_53' title="bbox 0 0 1578 5225; baseline 0 0"><span class='ocrx_word' id='word_1_518' title='bbox 0 0 1578 5225; x_wconf 95' lang='lat' dir='ltr'><strong> </strong></span> 
     </span>
    </p>
   </div>
  </div>
 </body>
</html>
