3125 5225
275 267 339 335 494
724 235 1053 340 summotenus

322 457 521 534 Thracane
543 483 612 533 vos
639 455 872 558 Hebrusque
893 457 1016 532 nivali
1044 455 1234 554 compede
1259 456 1407 532 vinctus

323 580 387 656 An
414 581 682 686 iretsvioinss
708 583 1027 660 intercurrentis
1047 593 1172 656 turres

292 704 389 781 sAn
412 707 574 806 pingues
600 706 718 784 Asiae
745 709 872 806 campi
898 707 1095 806 collesque
1121 708 1350 782 morentur?-

326 831 429 922 Quid
444 831 615 908 studiosa
629 833 765 908 cohors
781 858 942 931 operum
955 831 1091 907 struit?
1107 831 1182 906 hoc
1196 853 1351 929 quoque
1367 853 1468 904 curo.

325 956 418 1048 Quis
440 957 512 1033 sibi
538 983 598 1034 res
627 971 751 1058 gestas
778 957 943 1056 Augusti
970 957 1140 1032 scribere
1165 954 1308 1031 sumit?

325 1079 434 1157 Belle
461 1083 545 1181 quis
571 1097 609 1158 et
632 1109 746 1182 paces
773 1083 933 1182 longum
961 1081 1144 1158 diffundit
1165 1082 1206 1156 in
1231 1082 1400 1156 aevum?

324 1206 430 1300 Quid
453 1207 576 1283 Titius
597 1211 771 1284 Romana
794 1209 905 1284 brevi
931 1220 1112 1284 venturus
1135 1208 1177 1282 in
1203 1231 1282 1300 om,

274 1365 298 1403 ιο
324 1331 522 1408 Pindarici
543 1333 658 1408 fontis
687 1335 754 1434 qui
779 1359 859 1410 non
884 1333 1068 1432 expalluit
1092 1333 1261 1425 haustus,

284 1495 286 1500 ·
323 1456 512 1533 Fastidire
536 1457 642 1533 lacus
668 1470 706 1535 et
730 1459 833 1534 rivos
855 1483 968 1535 susus
994 1459 1170 1557 apertos?

324 1581 373 1659 Ut
397 1581 525 1658 velet?
548 1595 591 1658 ut
615 1583 789 1658 meminit
813 1583 959 1658 nostri?
984 1580 1176 1658 fidibusne
1201 1579 1348 1656 Latinis

324 1704 528 1782 Thebanos
555 1718 687 1806 aptare
712 1705 850 1780 modos
876 1704 1004 1781 studet
1030 1707 1187 1805 suspice
1211 1706 1323 1781 Musa

323 1827 387 1904 An
412 1831 559 1929 tragice
580 1831 751 1907 desaevit
772 1843 812 1906 et
832 1830 1066 1928 ampullatur
1090 1831 1131 1904 in
1155 1832 1264 1912 erte?

274 1975 351 2100 Εἴ.
400 1975 435 2030 cl.
452 1975 545 2060 Epist.
564 1976 586 2041 1,
604 1979 635 2060 3.Ι
649 1979 674 2032 2.
718 1975 796 2031 Nihil
818 1975 850 2030 in
902 1974 981 2060 »lpse
1016 1979 1079 2059 eret
1116 1973 1275 2042 studiosus,
1317 1971 1472 2039 litteratus,

274 2047 849 2175 „mentientisentiunt
898 2043 1473 2199 cessissemusne

276 2187 425 2246 Neronem.
451 2219 486 2232 -
507 2191 620 2262 ltreca]
648 2191 693 2246 Ex
721 2190 849 2245 locorum
899 2190 1054 2245 ostendunt
1078 2190 1107 2244 bi
1134 2189 1190 2245 looi
1214 2189 1364 2244 Horetum
1382 2187 1472 2244 Cerni.

277 2259 376 2315 ordine
403 2261 481 2316 vides
509 2261 643 2332 scriptam
664 2279 725 2317 esse
744 2263 848 2332 epieto·
896 2259 934 2325 Π,
952 2266 997 2325 20,
1017 2263 1058 2317 19.
1076 2261 1098 2326 Ι,
1117 2263 1161 2325 28,
1185 2257 1472 2328 1e.111,4,se.111‚

277 2331 341 2396 lem,
375 2349 439 2386 cum
463 2335 494 2388 in
519 2335 680 2390 Armenium
714 2336 848 2404 pergeret
896 2335 941 2397 23,
965 2337 1006 2388 17.
1036 2333 1095 2390 Set.
1113 2332 1150 2397 11,
1170 2336 1195 2398 2,
1214 2334 1259 2386 43.
1281 2331 1372 2389 Germ.
1392 2329 1430 2396 ΙΙ,
1448 2333 1474 2393 t,

276 2401 425 2469 exereitus,
454 2421 512 2460 non
539 2423 602 2460 cum
628 2404 742 2472 rediret,
771 2405 847 2473 quod
898 2407 942 2458 22.
978 2405 1031 2459 Est
1047 2404 1135 2476 igitur
1153 2403 1197 2458 bic
1216 2403 1344 2458 litterate
1361 2401 1474 2457 cohors.

273 2473 347 2528 mele
364 2473 411 2527 elii
429 2476 564 2546 suspicati
582 2479 656 2532 mut.
701 2475 783 2531 Fecit
800 2493 848 2529 eu·
898 2474 1004 2530 Cehere
1033 2480 1130 2531 eutem
1147 2479 1191 2530 est
1217 2491 1289 2543 quse
1312 2472 1383 2527 eliso
1404 2489 1472 2543 grex

273 2548 333 2600 tem
341 2545 469 2600 Tiberius
486 2547 558 2602 heus
576 2547 781 2617 expeditionem
796 2563 849 2618 per
896 2545 1063 2618 sppelletur.
1101 2546 1191 2616 Epist
1209 2545 1233 2612 Ι,
1250 2548 1277 2614 3,
1298 2547 1340 2598 13.
1374 2543 1473 2605 Setl.

275 2616 421 2673 Threciam
440 2623 469 2673 et
477 2619 679 2684 Menedemum,
693 2622 723 2674 et
735 2619 847 2689 quidem
896 2622 922 2683 7,
941 2622 985 2676 23.
1003 2649 1039 2660 -
1059 2618 1187 2689 scribere]
1206 2618 1244 2675 cf.
1266 2618 1358 2672 Germ.
1371 2616 1395 2681 1,
1407 2618 1435 2685 6,
1451 2619 1474 2669 l.

275 2690 327 2743 sub
353 2706 469 2745 vernum
493 2694 619 2760 tempus;
645 2690 711 2747 inde
735 2691 847 2746 Hebrus
896 2719 931 2731 -
959 2712 1038 2762 paese
1078 2689 1169 2759 Epist
1188 2688 1349 2757 Π,1,102.
1402 2687 1475 2742 Sunt

274 2760 363 2825 glecie
381 2766 481 2817 tectus.
503 2792 535 2802 —
556 2762 657 2835 turres]
692 2761 799 2816 »Herus
817 2766 847 2817 et
896 2779 941 2817 res
958 2778 1100 2832 prescire
1116 2760 1147 2815 in
1174 2776 1243 2831 pecs
1264 2763 1369 2829 gentse
1392 2787 1427 2800 -
1446 2763 1475 2811 ts

273 2830 402 2887 Lesndri.
447 2834 524 2888 Inter
547 2834 647 2889 Seston
675 2838 705 2888 et
727 2833 846 2902 Abydon
895 2834 1001 2904 semsi]
1021 2833 1111 2887 Germ.
1129 2831 1176 2896 IV,
1197 2835 1239 2897 14,
1258 2835 1284 2888 3.
1309 2828 1359 2898 ΙΙΙ,
1373 2834 1417 2894 11,
1428 2832 1471 2884 33.

274 2904 397 2958 medinm
435 2908 479 2959 est
506 2904 680 2975 Hellesponti
715 2906 843 2959 fretum«
896 2934 930 2945 -
951 2904 1049 2976 Tities]
1082 2903 1188 2957 s'l‘itiue
1210 2903 1364 2972 Septimius
1383 2901 1473 2971 tyrios

273 2980 403 3047 Porptyr.
465 2977 595 3031 Ceterum
637 2976 845 3046 entiquissimue
895 2976 1021 3031 carmine
1043 2979 1073 3030 et
1096 2974 1255 3045 tragoediae
1280 2973 1398 3042 scripsit
1416 2974 1474 3027 Au-

273 3044 371 3101 Blsnd.
401 3063 464 3101 cum
495 3062 552 3102 uno
582 3048 636 3103 elio
664 3049 725 3101 cod.
762 3047 845 3116 Ornq.
896 3048 973 3119 gusti
990 3052 1048 3102 tem
1069 3062 1126 3111 ore,
1156 3046 1206 3101 sed
1231 3045 1298 3100 libri
1323 3045 1385 3098 eius
1402 3042 1473 3099 nulli

272 3118 390 3187 praebet
408 3132 508 3182 terras,
524 3136 594 3189 quse
613 3120 697 3173 lectio
715 3118 844 3173 Bentleio
896 3122 1017 3175 exstent.
1062 3118 1230 3172 uiuesutem
1246 3116 1357 3185 insigne
1374 3132 1474 3169 monu·
1544 3137 1546 3148 r

273 3194 302 3243 st
334 3188 439 3258 Psulyo
473 3190 588 3259 placuit.
622 3218 656 3230 -
691 3190 844 3261 morantur]
894 3194 1019 3245 mentum
1037 3194 1083 3243 est
1100 3188 1174 3243 infre
1191 3187 1342 3243 Anicium«
1363 3187 1471 3241 Oomm.

273 3260 490 3315 amoenitatibus
508 3260 566 3316 suis
583 3278 633 3317 vce
654 3265 758 3315 tenent.
791 3261 845 3315 Ac·
896 3262 978 3331 Cruq.
996 3260 1179 3332 Suspiceutur
1196 3260 1284 3314 fuisse
1301 3274 1366 3313 eum
1381 3256 1473 3313 filium

273 3331 479 3387 commodetum
492 3331 846 3403 igiturverbnmsddsiee
895 3332 934 3387 ΙΙ.
958 3332 1025 3387 Titii
1050 3348 1109 3387 coe.
1137 3329 1248 3385 suffecti
1273 3346 1298 3383 e
1316 3347 1343 3383 u.
1361 3346 1385 3383 c
1409 3332 1474 3383 723.

273 3419 402 3472 cempos;
428 3403 502 3457 unde
521 3406 546 3457 si
565 3404 752 3459 neceesarium
769 3401 844 3459 vide
896 3404 983 3458 Recte
1008 3412 1100 3458 eutem
1125 3402 1286 3457 dubitatum
1309 3404 1353 3454 est
1376 3399 1417 3457 de
1434 3400 1475 3454 el·

272 3473 359 3539 bitur,
375 3473 458 3529 secile
475 3474 599 3530 invenies
617 3475 692 3544 quod
710 3492 772 3529 oum
791 3474 845 3528 He·
881 3478 958 3529 'tero
975 3474 1089 3529 nomine
1107 3479 1253 3544 Septtsst03
1282 3472 1312 3525 in
1337 3472 1473 3541 gentibue

272 3544 325 3599 bro
345 3548 374 3598 et
389 3544 573 3615 Hellesponto
593 3548 746 3616 coniungas
768 3544 846 3600 aliud
895 3547 970 3600 enim
985 3562 1052 3601 vore
1072 3546 1214 3600 Romnum
1233 3543 1351 3613 originis
1370 3543 1473 3613 primis

272 3615 405 3685 generele
423 3618 549 3671 verbum.
571 3649 601 3658 -
623 3617 757 3689 studiosa]
785 3618 846 3673 Hoc
894 3617 1016 3688 Augusti
1035 3616 1210 3685 temporibus
1234 3632 1291 3669 nou
1315 3616 1422 3668 eoniun
1462 3642 1474 3654 ·

272 3686 450 3751 sullectinum,
475 3689 551 3756 quod
577 3706 595 3743 n
613 3688 747 3744 Cicerone
770 3688 846 3743 eliis·
894 3688 999 3743 buntur
1014 3688 1071 3743 dno
1089 3688 1205 3742 nomine
1221 3684 1374 3770 gentilicis.
1436 3687 1473 3725 '-

272 3774 326 3827 que
343 3758 423 3813 bonis
442 3760 629 3829 scriptoribus
654 3778 710 3815 non
731 3776 845 3830 usurpe-
895 3763 988 3814 terum
1016 3775 1084 3815 esve
1113 3774 1149 3814 ne
1175 3758 1281 3813 'litium
1305 3756 1407 3812 credes
1433 3757 1473 3810 sb

271 3832 321 3883 ter
337 3830 392 3883 nisi
410 3831 506 3886 eddito
531 3832 664 3902 genitivo,
695 3849 750 3901 quo
774 3848 846 3901 vege
894 3831 1013 3886 Horstio
1032 3830 1102 3887 oeet'
1141 3830 1221 3884 riob
1243 3828 1359 3883 nimium
1384 3828 1473 3882 sinde-

272 3900 347 3957 illiue
366 3902 444 3957 notio
462 3905 549 3959 certis
574 3904 710 3959 limitibus
727 3902 845 3957 micum·
893 3902 967 3958 ciem
989 3905 1019 3957 et
1049 3918 1103 3958 oon
1124 3902 1263 3969 dentium
1288 3900 1374 3954 immo
1400 3916 1472 3954 vero

272 3974 419 4037 scribetur,
445 3976 574 4045 Augusto
599 3975 756 4046 imperante
783 3990 843 4029 cer·
892 3973 1025 4029 leudstur
1050 3974 1120 4029 Titii
1153 3973 1263 4027 enimus
1293 3974 1324 4026 et
1352 3970 1473 4053 sdditur

271 4045 373 4101 tiorem
398 4044 631 4116 significationem
658 4048 843 4114 sentement,
892 4062 994 4117 magne
1011 4046 1048 4100 de
1075 4048 1134 4101 eius
1162 4044 1299 4099 studiiee
1443 4060 1470 4097 o.

272 4116 370 4171 eedem
396 4134 513 4187 prorsus
540 4119 649 4173 notione
691 4135 727 4172 ue
751 4118 842 4185 ipsum
894 4146 928 4159 -
958 4123 988 4172 s‘s
1016 4120 1076 4189 ora]
1115 4116 1194 4186 ling.
1222 4115 1292 4171 Aen.
1347 4114 1388 4177 ΙΙ,
1406 4116 1473 4169 235.

273 4189 389 4245 verbum
407 4188 547 4245 studendi.
584 4134 700 4256 Quintil.
718 4188 779 4253 Xll,
800 4193 842 4253 11,
893 4187 994 4259 Georg.
1013 4188 1062 4256 ΙΙΙ,
1080 4192 1106 4243 3.
1141 4184 1472 4267 Pmpert.111,'i,82:

273 4261 321 4314 19:
359 4260 575 4331 »Computemus
592 4276 688 4330 annos,
708 4276 765 4314 non
782 4260 843 4329 qui·
894 4259 1011 4315 »Venice
1035 4266 1068 4315 tu
1092 4274 1202 4329 quoque
1226 4259 1256 4311 in
1280 4272 1332 4311 ore
1349 4272 1471 4311 mrum«

271 4330 324 4385 bus
344 4332 499 4387 studuimus
518 4332 567 4386 sed
579 4332 680 4400 quibus
694 4332 839 4386 viximus«
892 4333 1083 4401 —sopatieitl
1103 4326 1473 4385 Desccusetivocf.(lerm.

272 4401 494 4475 Plin.·npist.v‚
507 4408 531 4468 ὃ,
544 4407 572 4459 5:
601 4402 649 4457 »In
667 4402 773 4458 lectulo
791 4418 842 4457 suo
891 4402 927 4465 ΙΙ,
947 4404 989 4467 12,
1008 4406 1035 4467 7,
1070 4402 1118 4465 ΙΠ,
1137 4405 1181 4465 27,
1199 4403 1243 4457 28.
1280 4398 1418 4455 Cenem
1439 4400 1472 4454 iu

272 4476 444 4543 compositus
479 4476 508 4529 in
543 4474 642 4529 bebitu
674 4474 840 4529 studentis«
892 4474 1014 4545 imsgine
1034 4474 1161 4529 fecilior-s
1179 4476 1209 4528 st
1226 4470 1376 4526 humiliore
1400 4486 1476 4544 pce:

273 4544 388 4613 Quintil.
399 4546 432 4612 X,
445 4550 469 4613 3,
480 4550 529 4601 32:
558 4546 679 4601 »iuvenis
699 4544 842 4601 studiosus
893 4547 931 4601 sis
954 4560 1060 4616 genere
1083 4544 1206 4616 appellet
1229 4547 1315 4613 poete
1335 4543 1414 4597 leone
1441 4547 1475 4597 et

273 4616 422 4685 alioquin«
471 4618 542 4673 Plin.
573 4617 842 4688 inpetissent:
893 4617 969 4674 rivos
986 4623 1108 4688 apertos,
1133 4616 1171 4673 sd
1198 4630 1269 4684 qnos
1289 4613 1339 4669 elii
1355 4629 1474 4683 qnoque
