3125 5225
762 248 1015 318 CARMINUM

439 436 726 537 Ventorumque
752 451 863 537 reget
885 452 995 537 pater

544 560 744 642 Obstriotis
774 565 861 642 aliis
885 578 1038 661 praeter
1061 566 1219 664 Itpyga,

317 778 323 787 ὗ
363 744 366 751 .
411 686 569 783 sNavis,
598 714 696 788 quae
719 690 790 765 tibi
816 688 1005 764 creditum

543 812 667 889 Debes
693 812 903 912 Virgilium
928 812 1067 889 finibus
1094 810 1232 887 Atticis

439 936 590 1013 Reddas
616 937 847 1014 ineolumem
872 962 1008 1034 precor

292 1092 403 1156 replum
421 1100 482 1140 esse
502 1086 615 1155 scripsit
634 1088 767 1139 Donatus.
809 1084 865 1140 Sed
916 1084 1007 1137 Germ.
1031 1083 1053 1149 Ι,
1079 1083 1123 1151 30,
1148 1087 1170 1136 1.
1198 1086 1243 1146 26,
1267 1084 1294 1136 9.
1340 1082 1496 1138 Invooatnr

293 1174 356 1213 eum
375 1162 433 1212 tres
452 1155 518 1211 libri
535 1173 591 1210 non
608 1159 672 1227 post
690 1158 771 1210 a.731
794 1156 864 1210 editi
915 1154 1019 1224 Venus,
1045 1153 1111 1224 quia
1128 1158 1227 1208 ποντία
1253 1158 1297 1208 est
1313 1157 1342 1207 et
1361 1148 1494 1221 siniam

292 1246 353 1283 esse
371 1226 528 1291 videantur,
557 1244 609 1281 nee
627 1242 690 1281 oum
709 1226 863 1296 interprete
915 1226 989 1279 unde
1017 1228 1103 1281 Venas
1127 1230 1235 1280 marina
1260 1230 1304 1280 est
1332 1225 1423 1281 Carm.
1443 1226 1494 1289 111,

292 1299 385 1369 aliquo
398 1298 535 1371 suspirari
550 1298 641 1367 liceat,
651 1297 803 1369 Virgilium
813 1298 862 1352 tri-
915 1298 958 1365 26,
978 1301 1003 1353 5.
1033 1296 1079 1361 IV,
1101 1300 1142 1361 ll,
1164 1300 1205 1352 15.
1230 1326 1262 1335 --
1287 1302 1391 1364 [ratres
1413 1300 1495 1351 liele·

291 1372 343 1427 bus
373 1372 452 1425 annis
476 1372 625 1439 antequam
649 1374 808 1423 moreretur
829 1387 862 1423 ex
915 1369 978 1439 aas]
1003 1368 1204 1431 sentement,
1222 1366 1339 1439 propitii
1356 1368 1493 1451 navigen-

292 1442 375 1498 ltalia
392 1444 421 1497 in
432 1442 577 1497 Graeciam
592 1439 750 1511 proiectum
768 1441 862 1510 ibique
914 1440 999 1507 tibus,
1018 1440 1084 1509 quia
1101 1456 1152 1510 per
1162 1440 1262 1510 longas
1273 1443 1372 1494 nostes
1384 1440 1495 1511 insigni

292 1520 349 1569 tres
368 1516 444 1569 totos
463 1530 550 1567 annos
576 1518 776 1567 commoratum
793 1529 863 1580 esse,
914 1512 1019 1567 lumine
1036 1510 1154 1581 fulgent.
1174 1510 1207 1565 cl.
1228 1511 1250 1574 1,
1262 1514 1345 1578 1225
1357 1530 1419 1581 sqq.
1445 1512 1494 1579 ΙΙΙ,

292 1586 326 1640 iis
344 1585 531 1641 aooerlendum
552 1582 663 1652 estqui
687 1582 772 1651 alind,
798 1587 864 1640 ante
916 1585 1009 1645 29‚64.
1030 1580 1127 1651 Eurip.
1142 1582 1235 1636 Orest.
1252 1585 1321 1637 1700
1335 1600 1396 1652 sqq.
1420 1582 1495 1653 »ἐγὼ

292 1661 460 1727 susceptum,
492 1656 546 1709 iter
576 1654 728 1726 signifiueri
753 1656 863 1725 putant.
915 1651 940 1706 δ’
959 1654 1069 1721 Ἑλένην
1088 1651 1179 1721 Ζηνὸς
1194 1647 1345 1723 μελάθροις
1368 1650 1494 1717 πελάσω,

292 1728 434 1783 Dividitur
454 1743 567 1782 earmen
584 1726 612 1781 in
631 1724 700 1780 duas
718 1730 748 1780 et
764 1742 864 1795 aequa·
915 1726 1064 1798 Λαμπρών
1094 1720 1203 1795 ἄστρων
1233 1718 1322 1780 πόλον
1348 1722 1492 1793 ἐξανύσας,

292 1802 333 1855 les
347 1804 442 1870 partes
452 1800 692 1867 (1-20,21-40);
711 1798 789 1868 ipsae
800 1815 863 1867 per·
908 1791 998 1854 Ἔνθα
1027 1797 1091 1881 παρ’
1111 1792 1192 1867 Ἤρᾳ,
1220 1797 1253 1870 τῇ
1275 1797 1306 1850 δ’
1328 1794 1496 1869 Ἡρακλέους

293 1870 539 1941 tusaequebiliter
556 1869 716 1939 tripartitae
736 1872 802 1923 sunt
826 1870 862 1941 (v.
907 1863 996 1944 Ἤρρ,
1043 1868 1180 1939 παρεδρος
1221 1864 1288 1927 θεὸς
1331 1863 1496 1939 ἀνθρώποις

294 1944 608 2009 1-8‚9-16,17-20;
633 1942 864 2007 v.21-2e‚ae-
908 1935 1017 2006 Ἔσται,
1055 1939 1191 1999 σπονδαῖς
1218 1940 1331 2013 ἔντιμος
1358 1937 1405 1994 ἀεὶ
1437 1938 1496 2001 Ξὺν

293 2017 336 2082 36,
349 2016 481 2083 statu„
500 2012 650 2068 temeraria
661 2010 805 2065 hominum
817 2030 864 2067 au·
918 2013 1107 2083 Τυνδαρίδαις,
1135 2017 1192 2071 τοῖς
1221 2012 1290 2071 Διὸς
1318 2016 1385 2073 υἱοῖς
1413 2009 1494 2067 Ναί·-

293 2086 382 2150 daoia.
401 2102 471 2155 quae
488 2102 539 2155 per
561 2084 685 2154 priorem
696 2088 817 2153 partem,
835 2084 866 2138 id
915 2104 973 2145 ταις
990 2083 1130 2156 μεδέουσα
1148 2075 1325 2151 θαλάσσης(
1367 2084 1429 2139 Alii
1458 2086 1495 2140 ‹ie

294 2157 370 2229 quod
394 2164 497 2228 poetae
525 2154 671 2210 eonsilium
699 2156 733 2209 ab
763 2154 864 2210 itinere
914 2154 1409 2224 flammuliselectrieiseooipisbant,
1427 2160 1496 2227 post

293 2229 344 2285 vir
366 2228 406 2283 'lii
424 2227 541 2299 petitum
560 2226 729 2309 postulabat,
746 2226 774 2279 in
786 2244 866 2297 supe·
915 2229 1026 2283 nimbos
1043 2231 1074 2281 et
1092 2225 1230 2296 proeellas
1256 2226 1287 2279 in
1304 2228 1421 2282 summis
1445 2245 1496 2282 ua·

292 2318 343 2355 ren
365 2300 387 2355 's
403 2299 589 2370 navigatioms
602 2302 631 2353 st
641 2296 866 2367 marisperieulis
915 2300 990 2353 uum
997 2297 1316 2353 malissluoeaosntibus.
1335 2298 1378 2353 De
1389 2300 1494 2369 quibus

294 2370 427 2439 oernitnr,
453 2388 502 2441 per
519 2371 637 2426 alteram
655 2372 765 2438 partem
782 2370 865 2439 peda-
915 2370 1023 2426 Plinius
1040 2369 1073 2423 H„
1091 2369 1125 2425 N.
1147 2369 1243 2434 ssus:
1268 2368 1424 2425 »utensis
1445 2390 1494 2425 ua·

294 2444 396 2499 tsntim
414 2459 430 2496 e
448 2442 519 2497 mari
538 2440 573 2497 ad
590 2442 684 2511 ignem
702 2448 730 2495 et
742 2445 865 2497 aerenu-
915 2442 1070 2513 vigentium
1089 2440 1207 2509 aliisque
1229 2442 1343 2496 narium
1360 2442 1495 2511 pertibus

315 2520 387 2579 ntur,
405 2514 446 2568 ita
461 2518 493 2569 ut
504 2512 618 2569 tandm
627 2512 807 2581 exclametur,
825 2513 865 2567 ui·
916 2532 968 2570 eeu
984 2512 1074 2567 rosuli
1100 2512 1220 2581 quodam
1249 2528 1319 2567 sono
1344 2513 1494 2574 insistunt,

293 2532 421 2650 iilesse,
461 2586 518 2642 uod
534 2584 658 2640 homines
672 2583 796 2654 arripere
809 2600 866 2640 non
916 2591 949 2641 nt
970 2585 1098 2640 volueres
1114 2582 1211 2640 sedem
1233 2599 1269 2640 ex
1292 2584 1358 2640 seda
1380 2591 1495 2642 mutan·

293 2657 423 2714 audeant.
473 2657 611 2716 ominibus
626 2657 691 2712 data
707 2659 769 2710 erat
778 2661 865 2720 terra.
916 2665 973 2724 νοτ,
1001 2673 1110 2726 graves,
1135 2673 1199 2711 cum
1216 2655 1358 2712 solitariae
1376 2675 1493 2720 venero,

295 2729 344 2786 sed
374 2733 544 2800 arrogarunt
572 2728 625 2784 sibi
651 2743 736 2792 mare,
764 2727 864 2798 ignens.
916 2733 1127 2798 mergentesque
1145 2727 1265 2798 navigia,
1289 2729 1417 2799 geminae
1445 2747 1494 2784 au·

293 2805 366 2858 aera.
403 2800 506 2856 Totum
525 2817 636 2856 eumen
657 2805 762 2856 tersum
781 2805 866 2868 atque
916 2809 975 2856 tem
1010 2799 1148 2856 salutares
1173 2803 1203 2854 et
1232 2802 1362 2870 prosperi
1387 2817 1494 2856 onrsns

293 2871 445 2928 rotundum
462 2877 512 2928 est
935 2872 1126 2926 morentiae«
1155 2899 1188 2910 -
1216 2873 1309 2928 lueida
1327 2873 1433 2944 itinn]
1462 2877 1496 2928 ut

329 2945 363 3000 V.
384 2949 408 2999 1.
425 2945 476 3015 aio]
504 2941 615 2998 Dionen.
643 2941 687 2998 ed.
714 2942 817 2997 Tibull.
834 2942 865 2996 T.
971 2941 1064 3005 ττι-Ν,
1077 2945 1103 3009 8,
1113 2946 1156 2997 31.
1180 2971 1215 2982 -
1238 2945 1381 2998 Ventorum
1396 2945 1493 3015 pater]

295 3017 329 3072 ll.
349 3035 375 3087 p.
388 3017 453 3072 882,
470 3015 587 3072 »Sensus
607 3012 744 3070 formulae
762 3015 866 3084 ubique
917 3015 1030 3070 Aeolus.
1059 3010 1135 3085 Virg.
1163 3013 1233 3068 Asu.
1260 3013 1283 3078 Ι,
1308 3019 1352 3070 62.
1382 3044 1415 3056 -
1450 3018 1495 3070 ol·

294 3088 341 3144 hio
366 3091 424 3144 est:
455 3087 503 3152 sio,
530 3085 584 3141 huo
608 3085 774 3142 eondioione
796 3089 866 3156 opto
917 3087 1032 3156 τττίατίτ]
1058 3084 1094 3140 ei.
1117 3085 1197 3141 Hom.
1222 3084 1273 3140 oo
1291 3086 1323 3150 V,
1348 3088 1400 3142 ³83
1428 3105 1493 3156 sqq.

293 3158 530 3222 tibihooilludve‚
543 3157 668 3222 utitem,
685 3157 783 3224 latim
800 3173 867 3213 oon·
916 3158 1017 3226 xnus
1038 3156 1207 3227 stuppea}
1226 3156 1339 3228 Reliqui
1349 3159 1428 3212 venti
1445 3157 1494 3212 ad·

295 3231 527 3287 structionevero
537 3227 680 3284 omittitur
690 3229 866 3298 pertitulans
917 3229 1001 3293 versi,
1017 3175 1106 3298 iapyx
1118 3227 1281 3298 (Favonius)
1298 3229 1438 3284 seeundns
1457 3246 1494 3282 ex

295 3301 567 3371 strubiieiturquod
578 3301 722 3370 expetitur
738 3300 867 3356 absolute
917 3299 999 3357 ltalia
1018 3301 1048 3355 in
1065 3299 1212 3354 Graeciam
1229 3300 1437 3372 navigantibus.
1457 3331 1493 3343 --

295 3381 325 3430 et
341 3375 401 3428 sine
420 3389 453 3428 ea
472 3373 526 3428 hoe
545 3371 643 3427 modo:
662 3372 709 3428 Sin
726 3374 796 3442 opto
813 3373 867 3427 tibi
917 3391 986 3443 qaae
999 3373 1189 3426 russati-n
1205 3372 1293 3445 detes]
1306 3373 1442 3428 Consiuto
1464 3377 1494 3427 et

294 3445 373 3514 illud,
390 3444 443 3508 fao,
461 3444 508 3500 die
525 3447 594 3497 oet«
625 3443 659 3498 el.
679 3445 767 3498 Carm.
784 3443 806 3508 1,
822 3445 866 3511 28,
917 3442 1069 3500 artificiose
1082 3441 1176 3512 posita
1193 3446 1259 3497 snut
1273 3447 1368 3512 flattu
1379 3447 1492 3504 Atticis.

295 3520 336 3572 25.
379 3515 521 3571 Claudiae.
546 3513 576 3568 in
604 3512 687 3570 Prob.
715 3519 744 3569 et
772 3515 867 3585 Olybr.
917 3521 950 3570 ut
967 3519 1118 3582 utrumque
1137 3515 1254 3570 verbnm
1265 3517 1492 3570 usssstrsuaa

294 3605 369 3646 oona.
392 3590 458 3644 161:
496 3586 573 3642 »Non
607 3586 736 3656 improba
769 3603 866 3656 poseo,
917 3587 1068 3656 attingant.
1085 3585 1184 3640 Oratio
1202 3585 1269 3642 inde
1283 3585 1406 3642 effioitur
1424 3604 1493 3641 eon-

294 3661 357 3717 Nnn
395 3659 507 3714 insueta
542 3656 636 3712 dabis:
680 3657 779 3713 domus
814 3657 867 3714 hoo
917 3658 1035 3723 oinnior,
1046 3673 1130 3726 quam
1141 3660 1167 3711 si
1176 3658 1324 3714 molestum
1335 3674 1493 3727 pronomen

295 3732 330 3788 de
355 3747 433 3786 mors
450 3727 585 3798 requirit;
609 3728 723 3784 Adrus:
755 3736 796 3784 sle
817 3747 867 3784 no·
918 3735 960 3784 tis
979 3729 1217 3798 interponeretur.
1241 3729 1311 3785 Vult
1328 3730 1404 3785 enim
1421 3729 1492 3785 hoo:

294 3804 338 3860 bis
376 3801 522 3872 Scythicus
557 3799 707 3856 famuletur
750 3801 866 3866 Araxes,
919 3817 989 3870 quas
1007 3801 1093 3856 debe·
1102 3800 1252 3870 Virgilium
1262 3801 1366 3857 finibus
1375 3802 1493 3864 Atticis,

295 3881 340 3931 Sis
359 3873 471 3929 Rhenus
491 3889 542 3942 per
560 3875 708 3941 utrumque
726 3871 867 3928 latuelle·
918 3871 1149 3927 reddassumhis.
1165 3871 1247 3940 Quod
1255 3871 1494 3943 gennsappellant

295 3947 394 4016 disque
419 3943 541 4000 subantis
567 3943 670 4000 Nostra
689 3943 867 3998 Semiramiae
918 3943 1094 4014 grammatici
1113 3945 1209 4014 σχῆμα
1226 3941 1284 4000 ἀπὸ
1303 3945 1397 3998 κοινοῦ
1424 3963 1490 4014 quo,

295 4019 414 4074 timeant
437 4015 559 4087 insignia
585 4019 693 4084 turres;
726 4020 772 4071 esc
798 4014 867 4070 linat
918 4014 1100 4084 eumantiqni
1114 4015 1268 4084 scriptores
1278 4016 1367 4086 magis
1377 4017 1491 4072 andien-

295 4089 433 4146 ettonitus
452 4087 577 4142 Romana
595 4101 647 4156 per
673 4086 777 4156 oppida
795 4086 866 4141 Gan·
918 4087 994 4143 tibue
1005 4103 1088 4156 qnam
1096 4086 1256 4156 legentibus
1266 4088 1426 4143 scriberent
1444 4106 1492 4142 ne·

295 4181 368 4233 gas«
388 4158 430 4215 Id.
447 4158 482 4214 (le
500 4163 578 4229 nupt
593 4157 665 4214 lion.
684 4157 708 4214 ἀ
724 4158 866 4214 Μοτ.336ε
918 4175 973 4229 qus
979 4157 1086 4214 erebris
1093 4159 1239 4214 summatis
1245 4160 1441 4222 abuterentur,
1451 4160 1492 4214 ita

299 4233 426 4289 ‚Vinoire
442 4247 559 4299 oorona3
591 4227 686 4284 Insere
714 4233 744 4285 te
761 4230 866 4286 nostris
918 4230 960 4286 uti
976 4233 1135 4300 potnerunt.
1163 4236 1195 4284 nt
1218 4249 1303 4286 unum
1321 4230 1490 4285 rotabulum

295 4307 430 4361 contento
447 4303 508 4357 iure
526 4300 649 4369 choreis3
668 4301 714 4358 Sio
730 4318 802 4372 puer
811 4301 867 4356 Eu·
918 4319 981 4358 eum
1001 4301 1109 4355 duobus
1128 4301 1188 4357 aliis
1206 4303 1491 4357 exdirersissenten·

295 4377 405 4432 uberius
436 4379 552 4444 superat
580 4371 685 4428 virtute
732 4379 866 4438 arentem,
918 4374 974 4428 tiae
992 4372 1120 4442 partibus
1139 4374 1257 4444 sumptis
1276 4373 1379 4429 uoninn
1416 4377 1490 4428 rent.

296 4447 388 4502 Aurea
406 4447 446 4502 sio
463 4445 558 4501 videat
576 4391 869 4500 similesTiermentia
919 4447 980 4512 Qua
995 4462 1026 4499 re
1045 4459 1101 4498 uon
1121 4445 1190 4500 satis
1212 4447 1361 4516 perspecta
1395 4451 1489 4499 aetum

296 4519 384 4582 tedaa
413 4517 546 4574 sinete«
568 4547 601 4556 -
619 4517 722 4587 potem]
742 4533 806 4571 oum
824 4533 869 4587 ge·
920 4519 972 4580 est,
991 4522 1023 4570 ut
1030 4515 1176 4572 haerentes
1188 4518 1358 4586 interpretes
1367 4515 1416 4569 alii
1425 4521 1491 4585 post

296 4589 394 4652 nitito,
420 4587 454 4643 ol.
475 4589 565 4644 Germ.
575 4588 597 4652 1,
613 4591 638 4653 ὅ,
658 4589 699 4643 16.
721 4619 755 4628 -
774 4589 870 4660 Cypri]
926 4591 1069 4661 Virgilian
1087 4586 1134 4642 alii
1151 4591 1327 4658 pentasemo
1345 4587 1491 4657 interpun-
