3125 5225
771 296 1021 368 cucumim

540 484 678 582 Tinget
702 487 965 585 pavimentum
990 489 1168 585 superbe,
1240 495 1248 506 '

591 609 819 686 Pontificum
844 611 995 746 potio-re
1020 610 1158 688 coenis.

841 813 938 826 ῳ

737 980 929 1070 ornum
960 983 1047 1069 XV.

488 1153 572 1230 Iam
594 1179 717 1251 pauca
740 1165 867 1229 aratro
893 1153 1027 1252 iugera
1052 1153 1182 1253 regiae

488 1278 611 1354 Moles
637 1278 865 1378 relinquent,
891 1277 1065 1378 undique
1089 1277 1204 1354 letius

539 1403 702 1478 Extente
728 1403 900 1478 visentur
920 1402 1086 1478 Lucrino

589 1526 733 1625 Stagna
756 1526 842 1602 lacu
868 1527 1124 1627 platanusque
1149 1527 1299 1604 caelebs

289 1726 391 1777 cuntur
409 1721 476 1793 quis
492 1725 616 1792 fenebres
636 1724 711 1786 sunt,
737 1719 761 1775 Ε
783 1719 828 1776 od.
838 1723 864 1786 5,
914 1721 1032 1777 serviret
1056 1737 1147 1792 neque
1171 1723 1229 1777 rari
1253 1721 1314 1792 egri
1336 1721 1408 1777 setis
1432 1720 1488 1776 fru-

292 1798 334 1859 17,
362 1796 392 1848 et
420 1797 534 1863 fastus,
561 1793 638 1863 Virg.
665 1794 735 1848 Aen.
744 1739 791 1859 Vl,
802 1795 863 1846 216.
913 1794 1002 1848 menti
1019 1792 1144 1862 ederent,
1164 1797 1226 1848 tum
1243 1797 1324 1848 tanta
1334 1793 1487 1848 eorundem

291 1863 445 1934 cupressus
462 1862 539 1919 enim
559 1863 675 1918 Plutoni
694 1881 774 1919 secra
799 1869 864 1918 ante
914 1864 1056 1918 hominum
1073 1864 1103 1918 in
1121 1863 1242 1934 publicis
1268 1861 1403 1920 aedificiis
1428 1868 1489 1919 erat

289 1935 402 1990 domum
421 1935 569 2003 funestam,
596 1935 673 1992 circa
688 1951 798 2004 rogum,
829 1933 865 1988 ed
914 1934 1092 2006 parsimonie,
1108 1941 1143 1990 ut
1157 1936 1274 1992 deorum
1288 1935 1489 2005 templeama·

288 2004 864 2149 ttttttptttt‘psttff‘tttt
913 2005 1186 2134 illibi-ilii
1199 2010 1490 2134 astitisti·

237 2129 244 2140 .
373 2119 380 2132 ·
420 2117 427 2141 r
456 2117 463 2142 s
516 2121 521 2131 ·
754 2117 762 2130 ·
1478 2107 1488 2120 “

287 2153 330 2203 tu.
348 2149 403 2204 Sed
420 2149 493 2204 inest
502 2148 594 2204 tristis
605 2148 740 2218 quaedam
749 2151 777 2201 et
786 2164 862 2203 acer·
912 2152 988 2203 stata
1006 2148 1137 2206 iacerent
1179 2149 1226 2205 Sic
1242 2150 1297 2204 iem
1314 2149 1414 2205 Gicero
1432 2167 1485 2220 pro

288 2221 326 2274 be
343 2221 434 2275 ironia
451 2219 480 2274 in
499 2220 552 2274 hoc
569 2219 703 2290 epitheto,
722 2218 863 2289 cumipse
912 2219 1012 2274 Flacco
1027 2223 1074 2274 12:
1115 2221 1205 2276 »Haec
1232 2220 1304 2275 retio
1328 2237 1361 2276 ac
1380 2238 1410 2274 m
1471 2221 1490 2261 ’-

289 2291 361 2345 bene
382 2290 493 2354 viderit,
522 2307 578 2360 quo
595 2290 718 2344 remedio
735 2290 805 2345 haee
824 2291 863 2344 vi·
912 2291 980 2346 tudo
996 2291 1082 2345 animi
1096 2292 1126 2346 in
1138 2291 1289 2346 maioribus
1302 2237 1487 2355 resonanti-li,

289 2365 336 2415 tec
367 2363 487 2416 brevitas
516 2361 621 2431 optime
647 2361 736 2430 possit
760 2361 862 2416 senari.
912 2366 945 2416 ut
969 2379 1033 2416 cum
1056 2363 1086 2416 in
1114 2362 1232 2432 privetis
1260 2361 1344 2416 rebus
1373 2362 1489 2432 suisque

291 2414 517 2502 —1dpertoJSio
532 2449 568 2486 ex
586 2432 699 2502 optimis
717 2432 863 2486 codicibus
913 2433 1073 2502 sumptibus
1089 2433 1204 2488 minimo
1231 2433 1357 2489 contenti
1382 2433 1491 2489 tenu'm

290 2503 477 2558 scribendum.
513 2501 648 2573 Reliquae
665 2502 801 2558 lectiones
820 2522 863 2558 sc·
913 2503 983 2558 simo
1001 2503 1079 2558 cultu
1097 2506 1231 2572 viverent,
1253 2503 1283 2558 in
1300 2503 1422 2573 imperio
1448 2507 1492 2558 at·

289 2577 407 2646 pertun,
419 2577 554 2645 supertes,
566 2577 687 2645 repertis
698 2577 865 2629 meraesunt
912 2592 966 2644 que
984 2574 1014 2629 in
1031 2575 1144 2647 publica
1167 2575 1307 2649 dignitate
1332 2575 1430 2631 omnis
1454 2575 1492 2631 ed

289 2643 466 2727 coniecturas
484 2662 581 2700 eorum
598 2646 646 2715 qui
669 2646 735 2727 vino
759 2644 864 2729 duplex
912 2646 1032 2771 pieriam
1047 2648 1278 2730 splendoremque
1289 2650 1489 2733 revocarent«

290 2716 593 2843 ttttttlttttt
607 2720 864 2856 tssililmcll
913 2722 1003 2843 ffi
1018 2718 1493 2859 tttt’ftttttttnttt

289 2864 393 2928 oytnm,
421 2860 483 2912 tum
507 2859 602 2928 lupam
620 2858 711 2913 Germ.
721 2858 770 2926 111‚
781 2860 825 2921 2⁷,
836 2862 861 2912 2
913 2859 1064 2930 prohibere
1084 2863 1113 2915 et
1133 2860 1256 2943 priscum
1275 2860 1312 2915 ad
1323 2876 1433 2914 morem
1448 2878 1492 2915 re·
1545 2914 1546 2917 ,

288 2931 330 2984 De
358 2933 434 2984 tetre
458 2929 517 2983 vini
539 2928 702 2999 profusione
724 2929 755 2982 in
772 2929 862 2998 epulas
913 2930 1007 2985 cidere
1025 2931 1197 3003 aggrediar?
1233 2930 1409 2985 Villammne
1427 2930 1491 2986 infi-

288 2999 438 3056 heluonum
466 3000 501 3055 of,
532 3000 588 3055 Cic.
615 2999 737 3069 Philipp.
754 2998 797 3063 11,
812 3002 861 3054 41:
912 3001 974 3056 nite
990 3002 1101 3071 spatia?
1118 3002 1286 3057 familiarum
1298 3006 1491 3057 numerumet

290 3072 443 3126 »natabant
451 3070 692 3141 pavimentavino,
712 3070 863 3125 madebant
912 3072 1061 3127 nationes?
1088 3075 1198 3144 argenti
1225 3078 1254 3127 et
1277 3074 1338 3127 auri
1355 3074 1492 3143 pondus?

288 3144 435 3211 parietes«
481 3141 655 3197 Petrom38:
695 3141 773 3211 »plus
803 3141 862 3197 vini
912 3143 984 3197 aeris
1001 3142 1215 3214 tabularumque
1240 3144 1395 3198 miracula?
1421 3162 1491 3215 pro·

289 3212 476 3267 submoneam
488 3211 691 3277 effundebatur,
714 3228 798 3282 quam
813 3212 862 3267 ali·
911 3213 1032 3270 miscuas
1053 3214 1120 3269 viris
1141 3220 1171 3269 et
1186 3214 1296 3269 feminis
1313 3215 1427 3269 vestes?
1446 3220 1491 3269 et·

290 3283 353 3351 quis
370 3284 400 3337 in
418 3282 489 3367 cella
504 3282 614 3367 babet«
644 3283 860 3407 vimpivflu,
911 3302 965 3367 qpe
984 3284 1034 3341 ills
1048 3284 1211 3340 laminarum
1227 3284 1351 3369 proprie,
1370 3286 1436 3357 quis
1452 3288 1491 3341 la-

287 3354 860 3508 lt1ssli⁰tlttitittteltt
911 3356 1120 3483 tittttt
1137 3358 1492 3498 tttttttttttt

287 3498 370 3551 matis
390 3495 551 3561 effunditur,
577 3496 659 3550 semul
682 3496 758 3553 cadit
775 3514 860 3553 srcce·
910 3497 1073 3553 ferunturis
1100 3528 1135 3540 -
1161 3498 1203 3553 De
1228 3514 1300 3553 anno
1326 3498 1407 3553 huius
1427 3516 1493 3554 cer·

287 3569 419 3637 scitque«
448 3597 480 3606 -
507 3573 665 3636 Pontificem
682 3579 737 3639 pot.
756 3568 859 3639 coenis]
911 3568 993 3623 minis
1011 3570 1099 3625 natali
1113 3570 1289 3625 consentiens
1307 3586 1396 3640 propa
1410 3572 1494 3625 viro·

286 3638 397 3708 potiore
426 3654 509 3707 quam
532 3654 594 3692 esse
623 3638 696 3692 solet
719 3638 750 3693 in
774 3639 859 3693 leutis
911 3656 972 3693 rum
992 3639 1139 3697 doctorum
1158 3639 1298 3695 sententie
1318 3647 1374 3710 est3
1394 3657 1420 3696 a.
1433 3644 1491 3697 726

286 3709 451 3779 pontificum
475 3706 578 3778 epulis:
605 3726 675 3779 quae
697 3710 728 3763 in
745 3726 859 3778 prover·
910 3710 1492 3781 scripturnexistiment,quoniameoanno
1545 3760 1546 3763 ,

285 3780 363 3835 bium
382 3781 514 3835 videntur
532 3780 642 3835 abiisse.
660 3778 757 3850 Neque
776 3780 860 3836 eliter
910 3779 1078 3839 Octavianus
1100 3798 1246 3839 censuram
1270 3798 1355 3853 agens
1378 3786 1440 3837 tem
1464 3784 1493 3838 le

287 3851 377 3906 Germ
388 3852 409 3917 1,
420 3854 491 3917 tm
509 3856 633 3906 satiares
655 3855 746 3924 dapes.
910 3857 1052 3909 vetustate
1070 3855 1191 3939 collapsa
1210 3856 1260 3908 aut
1277 3853 1417 3938 incendiis
1438 3802 1490 3939 ic-

909 3925 966 3979 leta
993 3926 1093 3981 refecit
1119 3940 1152 3980 ec
1181 3922 1327 3996 splendide
1356 3928 1492 3993 ornnem

909 4012 991 4063 qoam
1008 4012 1068 4052 rem
1082 3995 1180 4051 ultime
1192 3995 1309 4067 stropha
1319 3996 1355 4051 ab
1365 3996 1491 4052 Horatio

321 4059 456 4115 Continet
469 4058 523 4114 hoc
534 4076 645 4115 carmen
657 4060 791 4117 iudicium
803 4060 858 4117 Ho·
908 4070 1010 4135 putant
1026 4068 1114 4139 tangi.
1317 4084 1321 4093 ·

284 4130 351 4186 retii
370 4131 406 4185 de
424 4131 512 4185 nimis
528 4147 594 4185 suae
620 4134 720 4187 aetatis
745 4134 859 4204 priveta
943 4136 976 4193 V.
986 4142 1011 4193 2.
1028 4140 1121 4209 notas]
1151 4138 1185 4193 de
1204 4137 1312 4208 megnis
1330 4134 1490 4207 oedificiis3

282 4202 403 4269 luxurio,
430 4202 543 4272 publice
564 4202 742 4272 parsimonia
786 4204 858 4260 Nam
909 4206 944 4263 ci.
963 4208 1054 4265 Germ.
1064 4210 1113 4275 111,
1122 4214 1165 4277 29,
1177 4212 1217 4264 10.
1238 4236 1270 4249 -
1295 4208 1398 4280 reptas]
1427 4209 1489 4263 Ro·

283 4293 347 4330 cum
366 4274 470 4343 privati
481 4274 606 4328 homines
625 4276 797 4345 amplissime
813 4292 858 4331 ee·
931 4279 986 4334 'um
1004 4281 1079 4350 quod
1096 4296 1127 4335 re
1149 4282 1180 4349 s,
1199 4279 1292 4349 regele
1310 4279 1384 4347 quod
1412 4296 1487 4350 rege

283 4345 377 4402 dificia
394 4349 582 4415 exstruerent,
607 4363 670 4403 cnm
696 4352 755 4402 tem
779 4347 857 4402 fasti·
908 4294 1023 4421 iignum
1041 4356 1093 4407 est.
1148 4349 1207 4421 pud
1225 4354 1323 4420 poetas
1340 4354 1436 4405 temen
1458 4357 1491 4405 et

283 4418 356 4474 diosi
374 4424 469 4473 essent
486 4416 606 4473 Romani
622 4422 655 4472 ut
670 4422 799 4472 naturam
817 4419 857 4473 lo·
908 4436 956 4476 eos
966 4422 1119 4493 scriptores
1131 4422 1180 4492 qui
1192 4427 1258 4492 post
1267 4422 1388 4491 Augusti
1398 4427 1489 4477 erent

282 4506 380 4545 corum
398 4492 563 4558 spernentes
578 4488 857 4545 terramvellentubi
905 4496 1126 4565 aetatemrepiss
1139 4492 1367 4549 adieetelterius
1386 4493 1488 4547 locum

282 4563 358 4615 esset
375 4576 462 4624 mare,
490 4576 568 4614 mare
593 4560 642 4616 ubi
668 4565 743 4616 esset
769 4565 856 4631 terra,
908 4562 1226 4637 occupavit-stapes]
1246 4564 1376 4633 ingentes
1393 4563 1486 4632 pisci-

283 4646 346 4683 cum
368 4632 431 4684 tota
453 4630 537 4687 Italis
562 4631 641 4687 luxui
668 4635 699 4687 et
726 4632 856 4688 mollitiei
907 4651 968 4701 nae,
996 4637 1026 4691 in
1051 4637 1152 4706 quibos
1180 4630 1273 4705 potuit
1289 4634 1424 4705 navigari.
1448 4664 1486 4676 -

463 3963 611 4019 Carmen
627 3964 686 4021 XV.
