<?xml version="1.0" encoding="UTF-8"?>
<!DOCTYPE html PUBLIC "-//W3C//DTD XHTML 1.0 Transitional//EN"
    "http://www.w3.org/TR/xhtml1/DTD/xhtml1-transitional.dtd">
<html xmlns="http://www.w3.org/1999/xhtml" xml:lang="en" lang="en">
 <head>
  <title>
</title>
<meta http-equiv="Content-Type" content="text/html;charset=utf-8" />
  <meta name='ocr-system' content='tesseract 3.04.00' />
  <meta name='ocr-capabilities' content='ocr_page ocr_carea ocr_par ocr_line ocrx_word'/>
</head>
<body>
  <div class='ocr_page' id='page_1' title='image "./qhoratiiflaccio01dillgoog/qhoratiiflaccio01dillgoog_0372.png"; bbox 0 0 3125 5225; ppageno 0'>
   <div class='ocr_carea' id='block_1_1' title="bbox 219 243 1019 324">
    <p class='ocr_par' dir='ltr' id='par_1_1' title="bbox 219 243 1019 324">
     <span class='ocr_line' id='line_1_1' title="bbox 219 243 1019 324; baseline -0.006 1"><span class='ocrx_word' id='word_1_1' title='bbox 219 243 225 259; x_wconf 59' lang='lat'>⁶</span> <span class='ocrx_word' id='word_1_2' title='bbox 286 257 351 324; x_wconf 74' lang='lat'><strong>340</strong></span> <span class='ocrx_word' id='word_1_3' title='bbox 745 249 1019 322; x_wconf 75' lang='lat' dir='ltr'><strong>SATLRARUli</strong></span> 
     </span>
    </p>
   </div>
   <div class='ocr_carea' id='block_1_2' title="bbox 283 438 1315 664">
    <p class='ocr_par' dir='ltr' id='par_1_2' title="bbox 283 438 1315 664">
     <span class='ocr_line' id='line_1_2' title="bbox 337 438 1315 541; baseline -0.002 -24"><span class='ocrx_word' id='word_1_4' title='bbox 337 441 416 535; x_wconf 81' lang='lat' dir='ltr'><strong>Qui</strong></span> <span class='ocrx_word' id='word_1_5' title='bbox 437 440 495 517; x_wconf 88' lang='lat' dir='ltr'><strong>nil</strong></span> <span class='ocrx_word' id='word_1_6' title='bbox 520 440 694 541; x_wconf 81' lang='lat' dir='ltr'><strong>portarit.</strong></span> <span class='ocrx_word' id='word_1_7' title='bbox 743 439 816 516; x_wconf 88' lang='lat' dir='ltr'><strong>Vel</strong></span> <span class='ocrx_word' id='word_1_8' title='bbox 845 440 908 516; x_wconf 91' lang='lat' dir='ltr'><strong>dic</strong></span> <span class='ocrx_word' id='word_1_9' title='bbox 930 438 1025 539; x_wconf 89' lang='lat' dir='ltr'><strong>quid</strong></span> <span class='ocrx_word' id='word_1_10' title='bbox 1046 441 1192 516; x_wconf 88' lang='lat' dir='ltr'><strong>referat</strong></span> <span class='ocrx_word' id='word_1_11' title='bbox 1215 439 1315 515; x_wconf 85' lang='lat' dir='ltr'><strong>intra</strong></span> 
     </span>
     <span class='ocr_line' id='line_1_3' title="bbox 283 565 1209 664; baseline -0.001 -21"><span class='ocrx_word' id='word_1_12' title='bbox 283 602 309 643; x_wconf 77' lang='lat' dir='ltr'><strong>a</strong></span> <span class='ocrx_word' id='word_1_13' title='bbox 333 569 502 645; x_wconf 75' lang='lat' dir='ltr'><strong>Naturae</strong></span> <span class='ocrx_word' id='word_1_14' title='bbox 521 565 617 643; x_wconf 82' lang='lat' dir='ltr'><strong>tinea</strong></span> <span class='ocrx_word' id='word_1_15' title='bbox 643 567 799 660; x_wconf 81' lang='lat' dir='ltr'><strong>viventi,</strong></span> <span class='ocrx_word' id='word_1_16' title='bbox 825 565 960 664; x_wconf 85' lang='lat' dir='ltr'><strong>iugera</strong></span> <span class='ocrx_word' id='word_1_17' title='bbox 985 577 1135 642; x_wconf 89' lang='lat' dir='ltr'><strong>eentum</strong></span> <span class='ocrx_word' id='word_1_18' title='bbox 1158 589 1209 642; x_wconf 90' lang='lat' dir='ltr'><strong>au</strong></span> 
     </span>
    </p>
   </div>
   <div class='ocr_carea' id='block_1_3' title="bbox 332 689 1550 916">
    <p class='ocr_par' dir='ltr' id='par_1_3' title="bbox 332 687 1550 916">
     <span class='ocr_line' id='line_1_4' title="bbox 332 689 1475 789; baseline -0.005 -21"><span class='ocrx_word' id='word_1_19' title='bbox 332 691 444 768; x_wconf 87' lang='lat' dir='ltr'><strong>Mille</strong></span> <span class='ocrx_word' id='word_1_20' title='bbox 469 695 577 770; x_wconf 81' lang='lat' dir='ltr'><strong>aret?</strong></span> <span class='ocrx_word' id='word_1_21' title='bbox 629 690 686 768; x_wconf 90' lang='lat' dir='ltr'><strong>At</strong></span> <span class='ocrx_word' id='word_1_22' title='bbox 710 717 828 768; x_wconf 80' lang='lat' dir='ltr'><strong>suave</strong></span> <span class='ocrx_word' id='word_1_23' title='bbox 854 703 909 768; x_wconf 85' lang='lat' dir='ltr'><strong>eat</strong></span> <span class='ocrx_word' id='word_1_24' title='bbox 934 715 980 765; x_wconf 83' lang='lat' dir='ltr'><strong>ex</strong></span> <span class='ocrx_word' id='word_1_25' title='bbox 1003 713 1144 789; x_wconf 84' lang='lat' dir='ltr'><strong>magno</strong></span> <span class='ocrx_word' id='word_1_26' title='bbox 1170 689 1306 766; x_wconf 87' lang='lat' dir='ltr'><strong>tollere</strong></span> <span class='ocrx_word' id='word_1_27' title='bbox 1331 713 1475 764; x_wconf 77' lang='lat' dir='ltr'><strong>acerve.</strong></span> 
     </span>
     <span class='ocr_line' id='line_1_5' title="bbox 332 813 1550 916; baseline -0.003 -24"><span class='ocrx_word' id='word_1_28' title='bbox 332 819 433 892; x_wconf 88' lang='lat' dir='ltr'><strong>Dum</strong></span> <span class='ocrx_word' id='word_1_29' title='bbox 456 842 503 892; x_wconf 89' lang='lat' dir='ltr'><strong>ex</strong></span> <span class='ocrx_word' id='word_1_30' title='bbox 529 842 649 916; x_wconf 83' lang='lat' dir='ltr'><strong>parvo</strong></span> <span class='ocrx_word' id='word_1_31' title='bbox 676 817 788 892; x_wconf 83' lang='lat' dir='ltr'><strong>nobis</strong></span> <span class='ocrx_word' id='word_1_32' title='bbox 814 815 1037 892; x_wconf 76' lang='lat' dir='ltr'><strong>tantundem</strong></span> <span class='ocrx_word' id='word_1_33' title='bbox 1064 814 1217 890; x_wconf 89' lang='lat' dir='ltr'><strong>haurire</strong></span> <span class='ocrx_word' id='word_1_34' title='bbox 1241 813 1445 912; x_wconf 77' lang='lat' dir='ltr'><strong>relinquas,</strong></span> <span class='ocrx_word' id='word_1_35' title='bbox 1549 843 1550 888; x_wconf 69' lang='lat' dir='ltr'><strong>f</strong></span> 
     </span>
    </p>
   </div>
   <div class='ocr_carea' id='block_1_4' title="bbox 280 937 1477 2414">
    <p class='ocr_par' dir='ltr' id='par_1_4' title="bbox 280 937 1477 2414">
     <span class='ocr_line' id='line_1_6' title="bbox 334 937 1351 1040; baseline -0.003 -23"><span class='ocrx_word' id='word_1_36' title='bbox 334 945 413 1022; x_wconf 81' lang='lat' dir='ltr'><strong>Gur</strong></span> <span class='ocrx_word' id='word_1_37' title='bbox 436 955 510 1020; x_wconf 84' lang='lat' dir='ltr'><strong>tua·</strong></span> <span class='ocrx_word' id='word_1_38' title='bbox 527 941 616 1040; x_wconf 83' lang='lat' dir='ltr'><strong>plue</strong></span> <span class='ocrx_word' id='word_1_39' title='bbox 640 940 775 1016; x_wconf 84' lang='lat' dir='ltr'><strong>laudea</strong></span> <span class='ocrx_word' id='word_1_40' title='bbox 799 940 962 1016; x_wconf 83' lang='lat' dir='ltr'><strong>cumeris</strong></span> <span class='ocrx_word' id='word_1_41' title='bbox 985 939 1164 1037; x_wconf 81' lang='lat' dir='ltr'><strong>granaria</strong></span> <span class='ocrx_word' id='word_1_42' title='bbox 1185 937 1351 1021; x_wconf 78' lang='lat' dir='ltr'><strong>nostrie?</strong></span> 
     </span>
     <span class='ocr_line' id='line_1_7' title="bbox 331 1063 1317 1164; baseline -0.006 -21"><span class='ocrx_word' id='word_1_43' title='bbox 331 1067 382 1144; x_wconf 92' lang='lat' dir='ltr'><strong>Ut</strong></span> <span class='ocrx_word' id='word_1_44' title='bbox 407 1067 477 1142; x_wconf 89' lang='lat' dir='ltr'><strong>tibi</strong></span> <span class='ocrx_word' id='word_1_45' title='bbox 502 1069 536 1142; x_wconf 85' lang='lat' dir='ltr'><strong>ai</strong></span> <span class='ocrx_word' id='word_1_46' title='bbox 559 1066 610 1142; x_wconf 87' lang='lat' dir='ltr'><strong>eit</strong></span> <span class='ocrx_word' id='word_1_47' title='bbox 636 1091 734 1163; x_wconf 84' lang='lat' dir='ltr'><strong>cpue</strong></span> <span class='ocrx_word' id='word_1_48' title='bbox 760 1064 900 1164; x_wconf 88' lang='lat' dir='ltr'>liquidi</span> <span class='ocrx_word' id='word_1_49' title='bbox 926 1089 1005 1141; x_wconf 88' lang='lat' dir='ltr'><strong>non</strong></span> <span class='ocrx_word' id='word_1_50' title='bbox 1031 1063 1196 1162; x_wconf 77' lang='lat' dir='ltr'><strong>amplius</strong></span> <span class='ocrx_word' id='word_1_51' title='bbox 1219 1088 1317 1138; x_wconf 79' lang='lat' dir='ltr'><strong>urna</strong></span> 
     </span>
     <span class='ocr_line' id='line_1_8' title="bbox 282 1186 1364 1292; baseline -0.001 -29"><span class='ocrx_word' id='word_1_52' title='bbox 282 1223 308 1263; x_wconf 73' lang='lat' dir='ltr'><strong>a</strong></span> <span class='ocrx_word' id='word_1_53' title='bbox 332 1191 404 1269; x_wconf 88' lang='lat' dir='ltr'><strong>Vel</strong></span> <span class='ocrx_word' id='word_1_54' title='bbox 426 1192 563 1292; x_wconf 83' lang='lat' dir='ltr'><strong>cyatho</strong></span> <span class='ocrx_word' id='word_1_55' title='bbox 589 1203 627 1266; x_wconf 90' lang='lat' dir='ltr'><strong>et</strong></span> <span class='ocrx_word' id='word_1_56' title='bbox 653 1190 776 1266; x_wconf 84' lang='lat' dir='ltr'><strong>dicae:</strong></span> <span class='ocrx_word' id='word_1_57' title='bbox 803 1191 946 1287; x_wconf 80' lang='lat' dir='ltr'><strong>Magno</strong></span> <span class='ocrx_word' id='word_1_58' title='bbox 974 1187 1023 1292; x_wconf 85' lang='lat' dir='ltr'><strong>de</strong></span> <span class='ocrx_word' id='word_1_59' title='bbox 1048 1187 1209 1262; x_wconf 90' lang='lat' dir='ltr'><strong>flumine</strong></span> <span class='ocrx_word' id='word_1_60' title='bbox 1232 1186 1364 1264; x_wconf 84' lang='lat' dir='ltr'><strong>malim</strong></span> 
     </span>
     <span class='ocr_line' id='line_1_9' title="bbox 334 1310 1453 1410; baseline -0.006 -18"><span class='ocrx_word' id='word_1_61' title='bbox 334 1317 461 1410; x_wconf 79' lang='lat' dir='ltr'><strong>Quam</strong></span> <span class='ocrx_word' id='word_1_62' title='bbox 486 1341 532 1391; x_wconf 85' lang='lat' dir='ltr'><strong>ex</strong></span> <span class='ocrx_word' id='word_1_63' title='bbox 556 1315 632 1392; x_wconf 87' lang='lat' dir='ltr'><strong>hoc</strong></span> <span class='ocrx_word' id='word_1_64' title='bbox 657 1313 843 1390; x_wconf 85' lang='lat' dir='ltr'><strong>fonticulo</strong></span> <span class='ocrx_word' id='word_1_65' title='bbox 870 1312 1096 1388; x_wconf 78' lang='lat' dir='ltr'><strong>tantundem</strong></span> <span class='ocrx_word' id='word_1_66' title='bbox 1121 1335 1283 1388; x_wconf 82' lang='lat' dir='ltr'><strong>sumere.</strong></span> <span class='ocrx_word' id='word_1_67' title='bbox 1322 1312 1379 1386; x_wconf 80' lang='lat' dir='ltr'><strong>Eo</strong></span> <span class='ocrx_word' id='word_1_68' title='bbox 1401 1310 1453 1406; x_wconf 86' lang='lat' dir='ltr'><strong>fit,</strong></span> 
     </span>
     <span class='ocr_line' id='line_1_10' title="bbox 331 1438 1182 1542; baseline -0.006 -23"><span class='ocrx_word' id='word_1_69' title='bbox 331 1441 487 1519; x_wconf 81' lang='lat' dir='ltr'>Plenior</span> <span class='ocrx_word' id='word_1_70' title='bbox 510 1441 605 1516; x_wconf 85' lang='lat' dir='ltr'><strong>utel</strong></span> <span class='ocrx_word' id='word_1_71' title='bbox 628 1465 724 1542; x_wconf 84' lang='lat' dir='ltr'><strong>quea</strong></span> <span class='ocrx_word' id='word_1_72' title='bbox 750 1440 913 1518; x_wconf 87' lang='lat' dir='ltr'><strong>delectet</strong></span> <span class='ocrx_word' id='word_1_73' title='bbox 938 1440 1050 1537; x_wconf 83' lang='lat' dir='ltr'><strong>eopia</strong></span> <span class='ocrx_word' id='word_1_74' title='bbox 1071 1438 1182 1532; x_wconf 79' lang='lat' dir='ltr'><strong>iustu,</strong></span> 
     </span>
     <span class='ocr_line' id='line_1_11' title="bbox 334 1561 1427 1665; baseline -0.011 -17"><span class='ocrx_word' id='word_1_75' title='bbox 334 1567 432 1648; x_wconf 79' lang='lat' dir='ltr'><strong>Cum</strong></span> <span class='ocrx_word' id='word_1_76' title='bbox 457 1567 546 1665; x_wconf 88' lang='lat' dir='ltr'><strong>ripa</strong></span> <span class='ocrx_word' id='word_1_77' title='bbox 569 1565 685 1641; x_wconf 86' lang='lat' dir='ltr'><strong>aimul</strong></span> <span class='ocrx_word' id='word_1_78' title='bbox 710 1565 863 1642; x_wconf 84' lang='lat' dir='ltr'><strong>avuleoe</strong></span> <span class='ocrx_word' id='word_1_79' title='bbox 889 1565 991 1641; x_wconf 86' lang='lat' dir='ltr'><strong>ierat</strong></span> <span class='ocrx_word' id='word_1_80' title='bbox 1015 1561 1178 1638; x_wconf 78' lang='lat' dir='ltr'><strong>Aufidus</strong></span> <span class='ocrx_word' id='word_1_81' title='bbox 1205 1587 1304 1638; x_wconf 85' lang='lat' dir='ltr'><strong>acer.</strong></span> <span class='ocrx_word' id='word_1_82' title='bbox 1419 1575 1427 1590; x_wconf 90' lang='grc'><em>·</em></span> 
     </span>
     <span class='ocr_line' id='line_1_12' title="bbox 334 1686 1476 1791; baseline -0.004 -25"><span class='ocrx_word' id='word_1_83' title='bbox 334 1689 388 1767; x_wconf 80' lang='lat' dir='ltr'><strong>At</strong></span> <span class='ocrx_word' id='word_1_84' title='bbox 414 1691 480 1791; x_wconf 92' lang='lat' dir='ltr'><strong>qui</strong></span> <span class='ocrx_word' id='word_1_85' title='bbox 504 1689 641 1766; x_wconf 83' lang='lat' dir='ltr'><strong>tantuli</strong></span> <span class='ocrx_word' id='word_1_86' title='bbox 666 1701 753 1788; x_wconf 79' lang='lat' dir='ltr'><strong>eget</strong></span> <span class='ocrx_word' id='word_1_87' title='bbox 783 1701 925 1790; x_wconf 85' lang='lat' dir='ltr'><strong>quanto</strong></span> <span class='ocrx_word' id='word_1_88' title='bbox 955 1701 1012 1767; x_wconf 84' lang='lat' dir='ltr'><strong>est</strong></span> <span class='ocrx_word' id='word_1_89' title='bbox 1039 1713 1146 1788; x_wconf 84' lang='lat' dir='ltr'><strong>opue,</strong></span> <span class='ocrx_word' id='word_1_90' title='bbox 1175 1687 1208 1762; x_wconf 84' lang='lat' dir='ltr'><strong>ie</strong></span> <span class='ocrx_word' id='word_1_91' title='bbox 1233 1712 1362 1786; x_wconf 88' lang='lat' dir='ltr'><strong>neque</strong></span> <span class='ocrx_word' id='word_1_92' title='bbox 1385 1686 1476 1762; x_wconf 91' lang='lat' dir='ltr'><strong>limo</strong></span> 
     </span>
     <span class='ocr_line' id='line_1_13' title="bbox 280 1811 1477 1915; baseline -0.006 -25"><span class='ocrx_word' id='word_1_93' title='bbox 280 1851 308 1890; x_wconf 74' lang='lat' dir='ltr'><strong>a</strong></span> <span class='ocrx_word' id='word_1_94' title='bbox 332 1817 541 1892; x_wconf 84' lang='lat' dir='ltr'><strong>Turbatam</strong></span> <span class='ocrx_word' id='word_1_95' title='bbox 558 1814 686 1890; x_wconf 88' lang='lat' dir='ltr'><strong>haurit</strong></span> <span class='ocrx_word' id='word_1_96' title='bbox 707 1840 845 1915; x_wconf 87' lang='lat' dir='ltr'><strong>aquam</strong></span> <span class='ocrx_word' id='word_1_97' title='bbox 863 1841 990 1915; x_wconf 90' lang='lat' dir='ltr'><strong>neque</strong></span> <span class='ocrx_word' id='word_1_98' title='bbox 1004 1815 1121 1890; x_wconf 79' lang='lat' dir='ltr'><strong>vitam</strong></span> <span class='ocrx_word' id='word_1_99' title='bbox 1143 1813 1279 1888; x_wconf 85' lang='lat' dir='ltr'><strong>amittit</strong></span> <span class='ocrx_word' id='word_1_100' title='bbox 1299 1813 1339 1886; x_wconf 93' lang='lat' dir='ltr'><strong>in</strong></span> <span class='ocrx_word' id='word_1_101' title='bbox 1355 1811 1477 1892; x_wconf 85' lang='lat' dir='ltr'><strong>undis.</strong></span> 
     </span>
     <span class='ocr_line' id='line_1_14' title="bbox 332 1935 1380 2038; baseline -0.005 -23"><span class='ocrx_word' id='word_1_102' title='bbox 332 1942 385 2016; x_wconf 90' lang='lat' dir='ltr'><strong>At</strong></span> <span class='ocrx_word' id='word_1_103' title='bbox 409 1941 513 2015; x_wconf 86' lang='lat' dir='ltr'><strong>bona</strong></span> <span class='ocrx_word' id='word_1_104' title='bbox 537 1965 626 2037; x_wconf 84' lang='lat' dir='ltr'><strong>pare</strong></span> <span class='ocrx_word' id='word_1_105' title='bbox 651 1939 854 2016; x_wconf 89' lang='lat' dir='ltr'><strong>hominum</strong></span> <span class='ocrx_word' id='word_1_106' title='bbox 879 1940 1040 2038; x_wconf 86' lang='lat' dir='ltr'><strong>decepta</strong></span> <span class='ocrx_word' id='word_1_107' title='bbox 1066 1937 1247 2036; x_wconf 85' lang='lat' dir='ltr'><strong>cupidine</strong></span> <span class='ocrx_word' id='word_1_108' title='bbox 1269 1935 1380 2033; x_wconf 82' lang='lat' dir='ltr'><strong>falae,</strong></span> 
     </span>
     <span class='ocr_line' id='line_1_15' title="bbox 330 2059 1476 2164; baseline -0.006 -23"><span class='ocrx_word' id='word_1_109' title='bbox 330 2066 396 2141; x_wconf 89' lang='lat' dir='ltr'><strong>Nil</strong></span> <span class='ocrx_word' id='word_1_110' title='bbox 418 2067 509 2142; x_wconf 82' lang='lat' dir='ltr'><strong>satie</strong></span> <span class='ocrx_word' id='word_1_111' title='bbox 535 2077 601 2160; x_wconf 86' lang='lat' dir='ltr'><strong>eat,</strong></span> <span class='ocrx_word' id='word_1_112' title='bbox 627 2065 773 2163; x_wconf 81' lang='lat' dir='ltr'><strong>inquit3</strong></span> <span class='ocrx_word' id='word_1_113' title='bbox 803 2065 894 2164; x_wconf 88' lang='lat' dir='ltr'><strong>quia</strong></span> <span class='ocrx_word' id='word_1_114' title='bbox 919 2065 1024 2159; x_wconf 85' lang='lat' dir='ltr'><strong>tanti,</strong></span> <span class='ocrx_word' id='word_1_115' title='bbox 1045 2075 1229 2163; x_wconf 88' lang='lat' dir='ltr'><strong>quantum</strong></span> <span class='ocrx_word' id='word_1_116' title='bbox 1248 2059 1402 2156; x_wconf 76' lang='lat' dir='ltr'><strong>habene,</strong></span> <span class='ocrx_word' id='word_1_117' title='bbox 1417 2060 1476 2135; x_wconf 81' lang='lat' dir='ltr'><strong>ais.</strong></span> 
     </span>
     <span class='ocr_line' id='line_1_16' title="bbox 333 2186 1401 2283; baseline -0.005 -18"><span class='ocrx_word' id='word_1_118' title='bbox 333 2189 436 2282; x_wconf 81' lang='lat' dir='ltr'><strong>Quid</strong></span> <span class='ocrx_word' id='word_1_119' title='bbox 464 2190 582 2265; x_wconf 84' lang='lat' dir='ltr'><strong>facias</strong></span> <span class='ocrx_word' id='word_1_120' title='bbox 614 2188 696 2265; x_wconf 84' lang='lat' dir='ltr'><strong>illi?</strong></span> <span class='ocrx_word' id='word_1_121' title='bbox 746 2190 886 2266; x_wconf 82' lang='lat' dir='ltr'><strong>Iubeas</strong></span> <span class='ocrx_word' id='word_1_122' title='bbox 909 2189 1092 2264; x_wconf 85' lang='lat' dir='ltr'><strong>miserum</strong></span> <span class='ocrx_word' id='word_1_123' title='bbox 1120 2213 1212 2283; x_wconf 79' lang='lat' dir='ltr'><strong>ease,</strong></span> <span class='ocrx_word' id='word_1_124' title='bbox 1236 2186 1401 2262; x_wconf 84' lang='lat' dir='ltr'><strong>libenter</strong></span> 
     </span>
     <span class='ocr_line' id='line_1_17' title="bbox 338 2307 1438 2414; baseline -0.004 -25"><span class='ocrx_word' id='word_1_125' title='bbox 338 2313 534 2413; x_wconf 76' lang='lat' dir='ltr'><strong>Quatenus</strong></span> <span class='ocrx_word' id='word_1_126' title='bbox 560 2314 601 2390; x_wconf 92' lang='lat' dir='ltr'><strong>id</strong></span> <span class='ocrx_word' id='word_1_127' title='bbox 625 2314 737 2390; x_wconf 83' lang='lat' dir='ltr'><strong>facit:</strong></span> <span class='ocrx_word' id='word_1_128' title='bbox 763 2327 805 2388; x_wconf 92' lang='lat' dir='ltr'><strong>ut</strong></span> <span class='ocrx_word' id='word_1_129' title='bbox 831 2313 988 2414; x_wconf 89' lang='lat' dir='ltr'><strong>quidam</strong></span> <span class='ocrx_word' id='word_1_130' title='bbox 1019 2325 1252 2390; x_wconf 84' lang='lat' dir='ltr'><strong>memoratur</strong></span> <span class='ocrx_word' id='word_1_131' title='bbox 1278 2307 1438 2386; x_wconf 81' lang='lat' dir='ltr'><strong>Athenis</strong></span> 
     </span>
    </p>
   </div>
   <div class='ocr_carea' id='block_1_5' title="bbox 281 2449 1550 2689">
    <p class='ocr_par' dir='ltr' id='par_1_5' title="bbox 281 2449 1550 2689">
     <span class='ocr_line' id='line_1_18' title="bbox 281 2449 1550 2543; baseline -0.002 -28"><span class='ocrx_word' id='word_1_132' title='bbox 281 2464 312 2515; x_wconf 86' lang='lat' dir='ltr'><strong>et</strong></span> <span class='ocrx_word' id='word_1_133' title='bbox 329 2459 482 2543; x_wconf 73' lang='lat' dir='ltr'><strong>tragoedus</strong></span> <span class='ocrx_word' id='word_1_134' title='bbox 501 2459 690 2516; x_wconf 70' lang='lat' dir='ltr'><strong>succederet«</strong></span> <span class='ocrx_word' id='word_1_135' title='bbox 725 2459 792 2516; x_wconf 81' lang='lat' dir='ltr'><strong>Nun</strong></span> <span class='ocrx_word' id='word_1_136' title='bbox 807 2475 855 2514; x_wconf 86' lang='lat' dir='ltr'><strong>na·</strong></span> <span class='ocrx_word' id='word_1_137' title='bbox 906 2457 1009 2528; x_wconf 67' lang='lat' dir='ltr'><strong>natta]</strong></span> <span class='ocrx_word' id='word_1_138' title='bbox 1028 2457 1092 2514; x_wconf 80' lang='lat' dir='ltr'><strong>Non</strong></span> <span class='ocrx_word' id='word_1_139' title='bbox 1109 2457 1394 2540; x_wconf 72' lang='lat' dir='ltr'><strong>cantentitmtneque</strong></span> <span class='ocrx_word' id='word_1_140' title='bbox 1407 2453 1476 2512; x_wconf 82' lang='lat' dir='ltr'><strong>ccdi-</strong></span> <span class='ocrx_word' id='word_1_141' title='bbox 1549 2449 1550 2528; x_wconf 66' lang='lat' dir='ltr'>l</span> 
     </span>
     <span class='ocr_line' id='line_1_19' title="bbox 283 2529 1550 2602; baseline -0.005 -16"><span class='ocrx_word' id='word_1_142' title='bbox 283 2548 406 2586; x_wconf 76' lang='lat' dir='ltr'><strong>ceceanu</strong></span> <span class='ocrx_word' id='word_1_143' title='bbox 424 2535 512 2601; x_wconf 78' lang='lat' dir='ltr'><strong>igitur</strong></span> <span class='ocrx_word' id='word_1_144' title='bbox 531 2531 662 2588; x_wconf 85' lang='lat' dir='ltr'><strong>Chabotii</strong></span> <span class='ocrx_word' id='word_1_145' title='bbox 679 2531 854 2602; x_wconf 78' lang='lat' dir='ltr'><strong>etCuningn·</strong></span> <span class='ocrx_word' id='word_1_146' title='bbox 906 2547 952 2586; x_wconf 83' lang='lat' dir='ltr'><strong>cea</strong></span> <span class='ocrx_word' id='word_1_147' title='bbox 970 2547 1058 2599; x_wconf 88' lang='lat' dir='ltr'><strong>neque</strong></span> <span class='ocrx_word' id='word_1_148' title='bbox 1078 2529 1230 2600; x_wconf 59' lang='lat' dir='ltr'><strong>editionem</strong></span> <span class='ocrx_word' id='word_1_149' title='bbox 1253 2530 1284 2584; x_wconf 89' lang='lat' dir='ltr'><strong>in</strong></span> <span class='ocrx_word' id='word_1_150' title='bbox 1303 2529 1366 2584; x_wconf 79' lang='lat' dir='ltr'><strong>aliia</strong></span> <span class='ocrx_word' id='word_1_151' title='bbox 1378 2531 1474 2592; x_wconf 68' lang='lat' dir='ltr'><strong>natta,</strong></span> <span class='ocrx_word' id='word_1_152' title='bbox 1549 2545 1550 2574; x_wconf 68' lang='grc' dir='ltr'>ι</span> 
     </span>
     <span class='ocr_line' id='line_1_20' title="bbox 281 2595 1550 2689; baseline -0.004 -32"><span class='ocrx_word' id='word_1_153' title='bbox 281 2603 331 2657; x_wconf 87' lang='lat' dir='ltr'><strong>mii</strong></span> <span class='ocrx_word' id='word_1_154' title='bbox 350 2602 511 2659; x_wconf 71' lang='lat' dir='ltr'><strong>coniectm</strong></span> <span class='ocrx_word' id='word_1_155' title='bbox 529 2608 659 2689; x_wconf 54' lang='lat' dir='ltr'><strong>uiuentis}</strong></span> <span class='ocrx_word' id='word_1_156' title='bbox 688 2607 788 2659; x_wconf 76' lang='lat' dir='ltr'><strong>uiuenti</strong></span> <span class='ocrx_word' id='word_1_157' title='bbox 812 2607 856 2659; x_wconf 76' lang='lat' dir='ltr'><strong>at</strong></span> <span class='ocrx_word' id='word_1_158' title='bbox 895 2601 934 2657; x_wconf 83' lang='lat' dir='ltr'><strong>&#39;in</strong></span> <span class='ocrx_word' id='word_1_159' title='bbox 953 2601 1014 2657; x_wconf 81' lang='lat' dir='ltr'><strong>aliie</strong></span> <span class='ocrx_word' id='word_1_160' title='bbox 1032 2604 1151 2657; x_wconf 77' lang='lat' dir='ltr'><strong>mallem.</strong></span> <span class='ocrx_word' id='word_1_161' title='bbox 1182 2599 1257 2657; x_wconf 85' lang='lat' dir='ltr'><strong>Illud</strong></span> <span class='ocrx_word' id='word_1_162' title='bbox 1273 2600 1395 2671; x_wconf 72' lang='lat' dir='ltr'><strong>recidua3</strong></span> <span class='ocrx_word' id='word_1_163' title='bbox 1430 2595 1474 2653; x_wconf 76' lang='lat' dir='ltr'><strong>uid</strong></span> <span class='ocrx_word' id='word_1_164' title='bbox 1549 2614 1550 2619; x_wconf 76' lang='grc'>’</span> 
     </span>
    </p>
   </div>
   <div class='ocr_carea' id='block_1_6' title="bbox 282 2672 1474 2744">
    <p class='ocr_par' dir='ltr' id='par_1_6' title="bbox 282 2672 1474 2744">
     <span class='ocr_line' id='line_1_21' title="bbox 282 2672 1474 2744; baseline -0.004 -14"><span class='ocrx_word' id='word_1_165' title='bbox 282 2674 392 2730; x_wconf 79' lang='lat' dir='ltr'><strong>dativus</strong></span> <span class='ocrx_word' id='word_1_166' title='bbox 401 2674 550 2731; x_wconf 88' lang='lat' dir='ltr'><strong>commodi.</strong></span> <span class='ocrx_word' id='word_1_167' title='bbox 566 2674 724 2731; x_wconf 80' lang='lat' dir='ltr'><strong>Diacmmen</strong></span> <span class='ocrx_word' id='word_1_168' title='bbox 732 2673 856 2730; x_wconf 87' lang='lat' dir='ltr'><strong>Doeder·</strong></span> <span class='ocrx_word' id='word_1_169' title='bbox 905 2673 979 2729; x_wconf 89' lang='lat' dir='ltr'><strong>enim</strong></span> <span class='ocrx_word' id='word_1_170' title='bbox 997 2674 1144 2744; x_wconf 74' lang='lat' dir='ltr'><strong>quominus</strong></span> <span class='ocrx_word' id='word_1_171' title='bbox 1163 2672 1201 2727; x_wconf 87' lang='lat' dir='ltr'><strong>ad</strong></span> <span class='ocrx_word' id='word_1_172' title='bbox 1218 2672 1320 2729; x_wconf 87' lang='lat' dir='ltr'><strong>flumen</strong></span> <span class='ocrx_word' id='word_1_173' title='bbox 1338 2675 1387 2729; x_wconf 83' lang='lat' dir='ltr'><strong>eat</strong></span> <span class='ocrx_word' id='word_1_174' title='bbox 1437 2686 1474 2725; x_wconf 87' lang='lat' dir='ltr'><strong>em</strong></span> 
     </span>
    </p>
   </div>
   <div class='ocr_carea' id='block_1_7' title="bbox 283 2742 1550 2827">
    <p class='ocr_par' dir='ltr' id='par_1_7' title="bbox 283 2742 1550 2827">
     <span class='ocr_line' id='line_1_22' title="bbox 283 2742 1550 2827; baseline -0.004 -27"><span class='ocrx_word' id='word_1_175' title='bbox 283 2746 366 2800; x_wconf 81' lang='lat' dir='ltr'><strong>liniue</strong></span> <span class='ocrx_word' id='word_1_176' title='bbox 375 2746 449 2801; x_wconf 89' lang='lat' dir='ltr'><strong>bene</strong></span> <span class='ocrx_word' id='word_1_177' title='bbox 460 2746 501 2802; x_wconf 85' lang='lat' dir='ltr'><strong>eic</strong></span> <span class='ocrx_word' id='word_1_178' title='bbox 511 2748 665 2817; x_wconf 78' lang='lat' dir='ltr'><strong>expremit3</strong></span> <span class='ocrx_word' id='word_1_179' title='bbox 682 2744 750 2802; x_wconf 80' lang='lat' dir='ltr'>nihil</span> <span class='ocrx_word' id='word_1_180' title='bbox 765 2744 854 2801; x_wconf 81' lang='lat' dir='ltr'><strong>refert</strong></span> <span class='ocrx_word' id='word_1_181' title='bbox 904 2744 1045 2801; x_wconf 88' lang='lat' dir='ltr'><strong>hominem</strong></span> <span class='ocrx_word' id='word_1_182' title='bbox 1063 2743 1218 2827; x_wconf 77' lang='lat' dir='ltr'><strong>prehibet?</strong></span> <span class='ocrx_word' id='word_1_183' title='bbox 1248 2746 1358 2814; x_wconf 69' lang='lat' dir='ltr'><strong>Aufidus</strong></span> <span class='ocrx_word' id='word_1_184' title='bbox 1379 2742 1474 2797; x_wconf 85' lang='lat' dir='ltr'><strong>deinde</strong></span> <span class='ocrx_word' id='word_1_185' title='bbox 1549 2784 1550 2789; x_wconf 16' lang='grc' dir='ltr'>ι</span> 
     </span>
    </p>
   </div>
   <div class='ocr_carea' id='block_1_8' title="bbox 280 2814 1474 2967">
    <p class='ocr_par' dir='ltr' id='par_1_8' title="bbox 280 2814 1474 2967">
     <span class='ocr_line' id='line_1_23' title="bbox 280 2814 1474 2887; baseline -0.002 -14"><span class='ocrx_word' id='word_1_186' title='bbox 280 2818 386 2873; x_wconf 78' lang='lat' dir='ltr'><strong>viventi</strong></span> <span class='ocrx_word' id='word_1_187' title='bbox 406 2839 437 2865; x_wconf 88' lang='lat'><em>=</em></span> <span class='ocrx_word' id='word_1_188' title='bbox 459 2835 489 2873; x_wconf 84' lang='lat' dir='ltr'><strong>ea</strong></span> <span class='ocrx_word' id='word_1_189' title='bbox 507 2818 545 2873; x_wconf 84' lang='lat' dir='ltr'><strong>iat</strong></span> <span class='ocrx_word' id='word_1_190' title='bbox 562 2818 678 2874; x_wconf 87' lang='lat' dir='ltr'><strong>einerlei</strong></span> <span class='ocrx_word' id='word_1_191' title='bbox 695 2818 725 2873; x_wconf 90' lang='lat' dir='ltr'><strong>in</strong></span> <span class='ocrx_word' id='word_1_192' title='bbox 743 2817 854 2872; x_wconf 89' lang='lat' dir='ltr'><strong>meiuen</strong></span> <span class='ocrx_word' id='word_1_193' title='bbox 904 2814 1034 2883; x_wconf 85' lang='lat' dir='ltr'><strong>infertur,</strong></span> <span class='ocrx_word' id='word_1_194' title='bbox 1061 2832 1127 2886; x_wconf 74' lang='lat' dir='ltr'><strong>quia</strong></span> <span class='ocrx_word' id='word_1_195' title='bbox 1143 2816 1235 2887; x_wconf 84' lang='lat' dir='ltr'><strong>patric</strong></span> <span class='ocrx_word' id='word_1_196' title='bbox 1254 2814 1340 2871; x_wconf 83' lang='lat' dir='ltr'><strong>fluvio</strong></span> <span class='ocrx_word' id='word_1_197' title='bbox 1359 2814 1474 2871; x_wconf 77' lang='lat' dir='ltr'><strong>libenter</strong></span> 
     </span>
     <span class='ocr_line' id='line_1_24' title="bbox 282 2889 855 2967; baseline 0.002 -25"><span class='ocrx_word' id='word_1_198' title='bbox 282 2889 395 2961; x_wconf 62' lang='lat' dir='ltr'><strong>Aurem</strong></span> <span class='ocrx_word' id='word_1_199' title='bbox 410 2906 451 2967; x_wconf 77' lang='grc' dir='ltr'><strong>Ιιι</strong></span> <span class='ocrx_word' id='word_1_200' title='bbox 469 2906 490 2944; x_wconf 87' lang='lat' dir='ltr'><strong>r.</strong></span> <span class='ocrx_word' id='word_1_201' title='bbox 508 2889 627 2944; x_wconf 82' lang='lat' dir='ltr'><strong>virentia</strong></span> <span class='ocrx_word' id='word_1_202' title='bbox 652 2912 684 2936; x_wconf 70' lang='lat' dir='ltr'>a</span> <span class='ocrx_word' id='word_1_203' title='bbox 710 2890 756 2943; x_wconf 78' lang='lat' dir='ltr'><strong>fur</strong></span> <span class='ocrx_word' id='word_1_204' title='bbox 779 2889 855 2943; x_wconf 87' lang='lat' dir='ltr'><strong>mein</strong></span> 
     </span>
    </p>
   </div>
   <div class='ocr_carea' id='block_1_9' title="bbox 925 2884 1550 2953">
    <p class='ocr_par' dir='ltr' id='par_1_9' title="bbox 925 2884 1550 2953">
     <span class='ocr_line' id='line_1_25' title="bbox 925 2884 1550 2953; baseline -0.008 -11"><span class='ocrx_word' id='word_1_205' title='bbox 925 2892 990 2942; x_wconf 80' lang='lat' dir='ltr'><strong>ceta</strong></span> <span class='ocrx_word' id='word_1_206' title='bbox 1007 2886 1106 2943; x_wconf 89' lang='lat' dir='ltr'><strong>utitur.</strong></span> <span class='ocrx_word' id='word_1_207' title='bbox 1136 2887 1172 2943; x_wconf 88' lang='lat' dir='ltr'><strong>ef.</strong></span> <span class='ocrx_word' id='word_1_208' title='bbox 1192 2887 1281 2943; x_wconf 85' lang='lat' dir='ltr'><strong>Carm.</strong></span> <span class='ocrx_word' id='word_1_209' title='bbox 1302 2884 1353 2951; x_wconf 91' lang='lat'>111,</span> <span class='ocrx_word' id='word_1_210' title='bbox 1374 2888 1417 2953; x_wconf 73' lang='grc'><strong>30,</strong></span> <span class='ocrx_word' id='word_1_211' title='bbox 1437 2886 1474 2939; x_wconf 85' lang='grc'><strong>10.</strong></span> <span class='ocrx_word' id='word_1_212' title='bbox 1549 2916 1550 2947; x_wconf 63' lang='grc'>;</span> 
     </span>
    </p>
   </div>
   <div class='ocr_carea' id='block_1_10' title="bbox 281 2906 1550 3175">
    <p class='ocr_par' dir='ltr' id='par_1_10' title="bbox 281 2906 1550 3175">
     <span class='ocr_line' id='line_1_26' title="bbox 281 2906 1550 3031; baseline -0.003 -18"><span class='ocrx_word' id='word_1_213' title='bbox 281 2959 428 3015; x_wconf 75' lang='lat' dir='ltr'><strong>Intercisa.</strong></span> <span class='ocrx_word' id='word_1_214' title='bbox 438 2990 473 3001; x_wconf 88' lang='lat'><strong>--</strong></span> <span class='ocrx_word' id='word_1_215' title='bbox 484 2960 586 3031; x_wconf 71' lang='lat' dir='ltr'><strong>centa]</strong></span> <span class='ocrx_word' id='word_1_216' title='bbox 598 2958 632 3015; x_wconf 86' lang='lat' dir='ltr'><strong>cf.</strong></span> <span class='ocrx_word' id='word_1_217' title='bbox 643 2958 853 3031; x_wconf 81' lang='lat' dir='ltr'><strong>Eurip.1’hoen.</strong></span> <span class='ocrx_word' id='word_1_218' title='bbox 904 2906 951 3023; x_wconf 83' lang='lat' dir='ltr'><strong>lv,</strong></span> <span class='ocrx_word' id='word_1_219' title='bbox 960 2962 1001 3026; x_wconf 79' lang='lat'><strong>14,</strong></span> <span class='ocrx_word' id='word_1_220' title='bbox 1009 2960 1052 3013; x_wconf 77' lang='lat'><strong>25.</strong></span> <span class='ocrx_word' id='word_1_221' title='bbox 1070 2958 1181 3029; x_wconf 78' lang='lat' dir='ltr'><strong>Species</strong></span> <span class='ocrx_word' id='word_1_222' title='bbox 1200 2958 1288 3029; x_wconf 71' lang='lat' dir='ltr'><strong>igitur</strong></span> <span class='ocrx_word' id='word_1_223' title='bbox 1304 2974 1358 3027; x_wconf 84' lang='lat' dir='ltr'><strong>pro</strong></span> <span class='ocrx_word' id='word_1_224' title='bbox 1378 2970 1475 3029; x_wconf 67' lang='lat' dir='ltr'><strong>genere</strong></span> <span class='ocrx_word' id='word_1_225' title='bbox 1549 3002 1550 3023; x_wconf 58' lang='grc'>,</span> 
     </span>
     <span class='ocr_line' id='line_1_27' title="bbox 282 3026 1550 3104; baseline -0.006 -17"><span class='ocrx_word' id='word_1_226' title='bbox 282 3034 349 3087; x_wconf 76' lang='lat'><strong>555:</strong></span> <span class='ocrx_word' id='word_1_227' title='bbox 380 3034 451 3092; x_wconf 77' lang='grc' dir='ltr'><strong>»πᾶς</strong></span> <span class='ocrx_word' id='word_1_228' title='bbox 473 3028 527 3104; x_wconf 79' lang='grc' dir='ltr'><strong>γὰρ</strong></span> <span class='ocrx_word' id='word_1_229' title='bbox 550 3032 723 3103; x_wconf 67' lang='grc' dir='ltr'><strong>ἐμπλησθεὶς</strong></span> <span class='ocrx_word' id='word_1_230' title='bbox 745 3026 813 3101; x_wconf 76' lang='grc' dir='ltr'><strong>ἀνὴρ</strong></span> <span class='ocrx_word' id='word_1_231' title='bbox 838 3026 853 3084; x_wconf 89' lang='grc' dir='ltr'>ὁ</span> <span class='ocrx_word' id='word_1_232' title='bbox 906 3034 934 3085; x_wconf 88' lang='lat' dir='ltr'><strong>et</strong></span> <span class='ocrx_word' id='word_1_233' title='bbox 951 3030 1043 3100; x_wconf 78' lang='lat' dir='ltr'><strong>imago</strong></span> <span class='ocrx_word' id='word_1_234' title='bbox 1057 3046 1110 3102; x_wconf 81' lang='lat' dir='ltr'><strong>pro</strong></span> <span class='ocrx_word' id='word_1_235' title='bbox 1121 3030 1183 3100; x_wconf 76' lang='lat' dir='ltr'><strong>ipae</strong></span> <span class='ocrx_word' id='word_1_236' title='bbox 1194 3046 1225 3085; x_wconf 85' lang='lat' dir='ltr'><strong>re</strong></span> <span class='ocrx_word' id='word_1_237' title='bbox 1236 3028 1327 3099; x_wconf 80' lang='lat' dir='ltr'><strong>posita</strong></span> <span class='ocrx_word' id='word_1_238' title='bbox 1338 3034 1393 3085; x_wconf 77' lang='lat' dir='ltr'><strong>eet.</strong></span> <span class='ocrx_word' id='word_1_239' title='bbox 1411 3026 1475 3082; x_wconf 83' lang='lat' dir='ltr'><strong>Con·</strong></span> <span class='ocrx_word' id='word_1_240' title='bbox 1549 3038 1550 3049; x_wconf 56' lang='lat'>*</span> 
     </span>
     <span class='ocr_line' id='line_1_28' title="bbox 281 3097 1550 3175; baseline -0.003 -18"><span class='ocrx_word' id='word_1_241' title='bbox 281 3097 413 3164; x_wconf 68' lang='lat' dir='ltr'><strong>niviarde</strong></span> <span class='ocrx_word' id='word_1_242' title='bbox 429 3120 458 3157; x_wconf 79' lang='grc' dir='ltr'><strong>τε</strong></span> <span class='ocrx_word' id='word_1_243' title='bbox 472 3102 517 3175; x_wconf 81' lang='grc' dir='ltr'><em>χώ</em></span> <span class='ocrx_word' id='word_1_244' title='bbox 532 3107 617 3171; x_wconf 68' lang='grc' dir='ltr'><em>πένης</em></span> <span class='ocrx_word' id='word_1_245' title='bbox 634 3108 810 3175; x_wconf 65' lang='lat' dir='ltr'><strong>incautam«</strong></span> <span class='ocrx_word' id='word_1_246' title='bbox 825 3130 853 3141; x_wconf 86' lang='lat'><em>-</em></span> <span class='ocrx_word' id='word_1_247' title='bbox 905 3104 1027 3157; x_wconf 79' lang='lat' dir='ltr'><strong>stantem</strong></span> <span class='ocrx_word' id='word_1_248' title='bbox 1055 3119 1084 3157; x_wconf 86' lang='lat' dir='ltr'><strong>ae</strong></span> <span class='ocrx_word' id='word_1_249' title='bbox 1110 3102 1243 3172; x_wconf 84' lang='lat' dir='ltr'><strong>praebuit</strong></span> <span class='ocrx_word' id='word_1_250' title='bbox 1261 3104 1348 3171; x_wconf 82' lang='lat' dir='ltr'><strong>poeta</strong></span> <span class='ocrx_word' id='word_1_251' title='bbox 1365 3098 1395 3157; x_wconf 86' lang='lat' dir='ltr'><strong>iu</strong></span> <span class='ocrx_word' id='word_1_252' title='bbox 1413 3099 1475 3153; x_wconf 83' lang='lat' dir='ltr'><strong>ime-</strong></span> <span class='ocrx_word' id='word_1_253' title='bbox 1549 3120 1550 3139; x_wconf 56' lang='grc' dir='ltr'>ι</span> 
     </span>
    </p>
   </div>
   <div class='ocr_carea' id='block_1_11' title="bbox 280 3170 1474 3245">
    <p class='ocr_par' dir='ltr' id='par_1_11' title="bbox 280 3170 1474 3245">
     <span class='ocr_line' id='line_1_29' title="bbox 280 3170 1474 3245; baseline -0.003 -16"><span class='ocrx_word' id='word_1_254' title='bbox 280 3178 357 3230; x_wconf 75' lang='lat' dir='ltr'><strong>iutra</strong></span> <span class='ocrx_word' id='word_1_255' title='bbox 374 3189 491 3230; x_wconf 75' lang='lat' dir='ltr'><strong>naturae</strong></span> <span class='ocrx_word' id='word_1_256' title='bbox 508 3177 586 3244; x_wconf 71' lang='lat' dir='ltr'><strong>finci]</strong></span> <span class='ocrx_word' id='word_1_257' title='bbox 613 3172 667 3243; x_wconf 80' lang='lat' dir='ltr'><strong>Qui</strong></span> <span class='ocrx_word' id='word_1_258' title='bbox 684 3172 759 3228; x_wconf 81' lang='lat' dir='ltr'><strong>intra</strong></span> <span class='ocrx_word' id='word_1_259' title='bbox 773 3177 854 3227; x_wconf 83' lang='lat' dir='ltr'><strong>natu·</strong></span> <span class='ocrx_word' id='word_1_260' title='bbox 904 3174 970 3245; x_wconf 68' lang='lat' dir='ltr'><strong>gine</strong></span> <span class='ocrx_word' id='word_1_261' title='bbox 989 3172 1132 3241; x_wconf 79' lang='lat' dir='ltr'><strong>inchoate3</strong></span> <span class='ocrx_word' id='word_1_262' title='bbox 1158 3170 1275 3239; x_wconf 72' lang='lat' dir='ltr'><strong>Aufidus</strong></span> <span class='ocrx_word' id='word_1_263' title='bbox 1293 3170 1369 3227; x_wconf 84' lang='lat' dir='ltr'><strong>euim</strong></span> <span class='ocrx_word' id='word_1_264' title='bbox 1386 3170 1474 3225; x_wconf 74' lang='lat' dir='ltr'><strong>illiue</strong></span> 
     </span>
    </p>
   </div>
   <div class='ocr_carea' id='block_1_12' title="bbox 280 3242 1550 3727">
    <p class='ocr_par' dir='ltr' id='par_1_12' title="bbox 280 3242 1550 3727">
     <span class='ocr_line' id='line_1_30' title="bbox 281 3242 1550 3316; baseline -0.003 -17"><span class='ocrx_word' id='word_1_265' title='bbox 281 3261 330 3300; x_wconf 85' lang='lat' dir='ltr'><strong>rae</strong></span> <span class='ocrx_word' id='word_1_266' title='bbox 347 3242 505 3313; x_wconf 82' lang='lat' dir='ltr'><strong>lineavirit,</strong></span> <span class='ocrx_word' id='word_1_267' title='bbox 517 3245 541 3299; x_wconf 83' lang='lat' dir='ltr'><strong>ia</strong></span> <span class='ocrx_word' id='word_1_268' title='bbox 557 3262 608 3300; x_wconf 88' lang='lat' dir='ltr'><strong>nec</strong></span> <span class='ocrx_word' id='word_1_269' title='bbox 618 3246 855 3316; x_wconf 84' lang='lat' dir='ltr'><strong>plueccuaumera</strong></span> <span class='ocrx_word' id='word_1_270' title='bbox 905 3246 940 3299; x_wconf 88' lang='lat' dir='ltr'><strong>ab</strong></span> <span class='ocrx_word' id='word_1_271' title='bbox 959 3260 992 3299; x_wconf 84' lang='lat' dir='ltr'><strong>eo</strong></span> <span class='ocrx_word' id='word_1_272' title='bbox 1013 3247 1067 3311; x_wconf 87' lang='lat' dir='ltr'><strong>eat,</strong></span> <span class='ocrx_word' id='word_1_273' title='bbox 1095 3242 1160 3312; x_wconf 84' lang='lat' dir='ltr'><strong>quia</strong></span> <span class='ocrx_word' id='word_1_274' title='bbox 1177 3249 1259 3297; x_wconf 78' lang='lat' dir='ltr'><strong>antea</strong></span> <span class='ocrx_word' id='word_1_275' title='bbox 1278 3258 1379 3297; x_wconf 72' lang='lat' dir='ltr'><strong>avarus</strong></span> <span class='ocrx_word' id='word_1_276' title='bbox 1397 3242 1474 3296; x_wconf 87' lang='lat' dir='ltr'><strong>homo</strong></span> <span class='ocrx_word' id='word_1_277' title='bbox 1549 3252 1550 3301; x_wconf 71' lang='lat' dir='ltr'>l</span> 
     </span>
     <span class='ocr_line' id='line_1_31' title="bbox 282 3312 1550 3398; baseline -0.005 -27"><span class='ocrx_word' id='word_1_278' title='bbox 282 3313 370 3387; x_wconf 79' lang='lat' dir='ltr'><strong>gestit</strong></span> <span class='ocrx_word' id='word_1_279' title='bbox 388 3334 471 3387; x_wconf 79' lang='lat' dir='ltr'><strong>quem</strong></span> <span class='ocrx_word' id='word_1_280' title='bbox 489 3320 590 3371; x_wconf 79' lang='lat' dir='ltr'><strong>nature</strong></span> <span class='ocrx_word' id='word_1_281' title='bbox 606 3318 714 3387; x_wconf 86' lang='lat' dir='ltr'><strong>patitur</strong></span> <span class='ocrx_word' id='word_1_282' title='bbox 736 3314 856 3371; x_wconf 83' lang='lat' dir='ltr'><strong>naualia</strong></span> <span class='ocrx_word' id='word_1_283' title='bbox 905 3332 1036 3398; x_wconf 72' lang='lat' dir='ltr'><strong>magnum</strong></span> <span class='ocrx_word' id='word_1_284' title='bbox 1055 3313 1159 3371; x_wconf 87' lang='lat' dir='ltr'><strong>flumen</strong></span> <span class='ocrx_word' id='word_1_285' title='bbox 1177 3313 1231 3368; x_wconf 88' lang='lat' dir='ltr'><strong>eibi</strong></span> <span class='ocrx_word' id='word_1_286' title='bbox 1257 3312 1348 3385; x_wconf 73' lang='lat' dir='ltr'><strong>magia</strong></span> <span class='ocrx_word' id='word_1_287' title='bbox 1369 3312 1474 3384; x_wconf 82' lang='lat' dir='ltr'><strong>placere</strong></span> <span class='ocrx_word' id='word_1_288' title='bbox 1549 3330 1550 3365; x_wconf 71' lang='lat'>1</span> 
     </span>
     <span class='ocr_line' id='line_1_32' title="bbox 281 3382 1550 3460; baseline -0.003 -19"><span class='ocrx_word' id='word_1_289' title='bbox 281 3404 365 3456; x_wconf 86' lang='lat' dir='ltr'><strong>quam</strong></span> <span class='ocrx_word' id='word_1_290' title='bbox 382 3403 454 3457; x_wconf 85' lang='lat' dir='ltr'><strong>quae</strong></span> <span class='ocrx_word' id='word_1_291' title='bbox 475 3391 576 3442; x_wconf 86' lang='lat' dir='ltr'><strong>natura</strong></span> <span class='ocrx_word' id='word_1_292' title='bbox 600 3387 746 3460; x_wconf 76' lang='lat' dir='ltr'><strong>efflagitat</strong></span> <span class='ocrx_word' id='word_1_293' title='bbox 795 3386 855 3454; x_wconf 72' lang='lat' dir='ltr'><strong>Qua</strong></span> <span class='ocrx_word' id='word_1_294' title='bbox 905 3386 977 3441; x_wconf 80' lang='lat' dir='ltr'><strong>dixit</strong></span> <span class='ocrx_word' id='word_1_295' title='bbox 997 3402 1080 3455; x_wconf 84' lang='lat' dir='ltr'><strong>quam</strong></span> <span class='ocrx_word' id='word_1_296' title='bbox 1098 3384 1272 3441; x_wconf 77' lang='lat' dir='ltr'><strong>fonticulum.</strong></span> <span class='ocrx_word' id='word_1_297' title='bbox 1292 3414 1325 3427; x_wconf 88' lang='lat'><strong>·-·</strong></span> <span class='ocrx_word' id='word_1_298' title='bbox 1346 3383 1415 3457; x_wconf 67' lang='lat' dir='ltr'><strong>eget]</strong></span> <span class='ocrx_word' id='word_1_299' title='bbox 1434 3382 1475 3437; x_wconf 75' lang='lat' dir='ltr'><strong>de</strong></span> <span class='ocrx_word' id='word_1_300' title='bbox 1549 3402 1550 3427; x_wconf 62' lang='grc' dir='ltr'>ι</span> 
     </span>
     <span class='ocr_line' id='line_1_33' title="bbox 281 3454 1550 3529; baseline -0.001 -17"><span class='ocrx_word' id='word_1_301' title='bbox 281 3459 422 3513; x_wconf 64' lang='lat' dir='ltr'><strong>renuntia</strong></span> <span class='ocrx_word' id='word_1_302' title='bbox 457 3459 534 3513; x_wconf 83' lang='lat' dir='ltr'><strong>avari</strong></span> <span class='ocrx_word' id='word_1_303' title='bbox 562 3475 596 3513; x_wconf 90' lang='lat' dir='ltr'><strong>ec</strong></span> <span class='ocrx_word' id='word_1_304' title='bbox 629 3458 738 3515; x_wconf 73' lang='lat' dir='ltr'><strong>facilius</strong></span> <span class='ocrx_word' id='word_1_305' title='bbox 774 3458 855 3513; x_wconf 90' lang='lat' dir='ltr'><strong>refel·</strong></span> <span class='ocrx_word' id='word_1_306' title='bbox 905 3456 1018 3512; x_wconf 79' lang='lat' dir='ltr'><strong>uiderat.</strong></span> <span class='ocrx_word' id='word_1_307' title='bbox 1039 3456 1129 3529; x_wconf 78' lang='lat' dir='ltr'><strong>Epist.</strong></span> <span class='ocrx_word' id='word_1_308' title='bbox 1140 3456 1161 3524; x_wconf 86' lang='lat'><strong>1,</strong></span> <span class='ocrx_word' id='word_1_309' title='bbox 1175 3459 1270 3519; x_wconf 80' lang='lat'>10,11.</span> <span class='ocrx_word' id='word_1_310' title='bbox 1295 3456 1328 3509; x_wconf 82' lang='grc' dir='ltr'><strong>Δ.</strong></span> <span class='ocrx_word' id='word_1_311' title='bbox 1339 3454 1373 3509; x_wconf 91' lang='lat' dir='ltr'><strong>P.</strong></span> <span class='ocrx_word' id='word_1_312' title='bbox 1385 3458 1442 3509; x_wconf 79' lang='lat'><strong>154,</strong></span> <span class='ocrx_word' id='word_1_313' title='bbox 1549 3464 1550 3511; x_wconf 77' lang='grc' dir='ltr'><strong>ξ</strong></span> 
     </span>
     <span class='ocr_line' id='line_1_34' title="bbox 281 3524 1550 3601; baseline -0.004 -18"><span class='ocrx_word' id='word_1_314' title='bbox 281 3530 385 3596; x_wconf 82' lang='lat' dir='ltr'><strong>fantur,</strong></span> <span class='ocrx_word' id='word_1_315' title='bbox 413 3546 468 3600; x_wconf 92' lang='lat' dir='ltr'><strong>quo</strong></span> <span class='ocrx_word' id='word_1_316' title='bbox 489 3529 652 3601; x_wconf 76' lang='lat' dir='ltr'><strong>diligentius</strong></span> <span class='ocrx_word' id='word_1_317' title='bbox 670 3531 705 3585; x_wconf 86' lang='lat' dir='ltr'><strong>ab</strong></span> <span class='ocrx_word' id='word_1_318' title='bbox 725 3528 854 3585; x_wconf 77' lang='lat' dir='ltr'><strong>omnibus</strong></span> <span class='ocrx_word' id='word_1_319' title='bbox 939 3527 972 3583; x_wconf 85' lang='lat' dir='ltr'><strong>V.</strong></span> <span class='ocrx_word' id='word_1_320' title='bbox 983 3531 1027 3583; x_wconf 79' lang='lat'><strong>61.</strong></span> <span class='ocrx_word' id='word_1_321' title='bbox 1045 3528 1180 3601; x_wconf 76' lang='lat' dir='ltr'><strong>cupidine]</strong></span> <span class='ocrx_word' id='word_1_322' title='bbox 1200 3526 1264 3583; x_wconf 80' lang='lat' dir='ltr'><strong>vide</strong></span> <span class='ocrx_word' id='word_1_323' title='bbox 1281 3524 1318 3582; x_wconf 88' lang='lat' dir='ltr'><strong>ad</strong></span> <span class='ocrx_word' id='word_1_324' title='bbox 1337 3526 1427 3581; x_wconf 79' lang='lat' dir='ltr'><strong>Germ.</strong></span> <span class='ocrx_word' id='word_1_325' title='bbox 1440 3524 1473 3587; x_wconf 89' lang='grc' dir='ltr'><strong>ΙΙ,</strong></span> <span class='ocrx_word' id='word_1_326' title='bbox 1549 3528 1550 3555; x_wconf 65' lang='lat'><strong>³</strong></span> 
     </span>
     <span class='ocr_line' id='line_1_35' title="bbox 280 3598 1550 3727; baseline -0.001 -73"><span class='ocrx_word' id='word_1_327' title='bbox 280 3601 434 3662; x_wconf 79' lang='lat' dir='ltr'><strong>abstinent,</strong></span> <span class='ocrx_word' id='word_1_328' title='bbox 459 3617 527 3671; x_wconf 86' lang='lat' dir='ltr'><strong>quae</strong></span> <span class='ocrx_word' id='word_1_329' title='bbox 545 3618 603 3656; x_wconf 89' lang='lat' dir='ltr'><strong>nen</strong></span> <span class='ocrx_word' id='word_1_330' title='bbox 623 3600 754 3657; x_wconf 86' lang='lat' dir='ltr'><strong>videntur</strong></span> <span class='ocrx_word' id='word_1_331' title='bbox 772 3617 855 3727; x_wconf 45' lang='lat' dir='ltr'><strong>qiidam</strong></span> <span class='ocrx_word' id='word_1_332' title='bbox 907 3600 1000 3667; x_wconf 79' lang='lat' dir='ltr'><strong>16,1a.</strong></span> <span class='ocrx_word' id='word_1_333' title='bbox 1013 3604 1121 3655; x_wconf 79' lang='lat' dir='ltr'><strong>-tcaa</strong></span> <span class='ocrx_word' id='word_1_334' title='bbox 1133 3601 1210 3671; x_wconf 71' lang='lat' dir='ltr'><strong>pars]</strong></span> <span class='ocrx_word' id='word_1_335' title='bbox 1231 3602 1275 3653; x_wconf 85' lang='lat' dir='ltr'><strong>eat</strong></span> <span class='ocrx_word' id='word_1_336' title='bbox 1292 3598 1360 3653; x_wconf 79' lang='lat' dir='ltr'><strong>satia</strong></span> <span class='ocrx_word' id='word_1_337' title='bbox 1378 3612 1475 3669; x_wconf 74' lang='lat' dir='ltr'><strong>magua</strong></span> <span class='ocrx_word' id='word_1_338' title='bbox 1549 3604 1550 3617; x_wconf 56' lang='lat'>³</span> 
     </span>
    </p>
   </div>
   <div class='ocr_carea' id='block_1_13' title="bbox 280 3671 1474 3886">
    <p class='ocr_par' dir='ltr' id='par_1_13' title="bbox 280 3671 1474 3886">
     <span class='ocr_line' id='line_1_36' title="bbox 280 3671 761 3727; baseline 0.002 -1"><span class='ocrx_word' id='word_1_339' title='bbox 280 3671 400 3727; x_wconf 79' lang='lat' dir='ltr'><strong>maxime</strong></span> <span class='ocrx_word' id='word_1_340' title='bbox 416 3672 581 3727; x_wconf 72' lang='lat' dir='ltr'><strong>necessaria.</strong></span> <span class='ocrx_word' id='word_1_341' title='bbox 595 3702 622 3711; x_wconf 89' lang='lat'>-</span> <span class='ocrx_word' id='word_1_342' title='bbox 634 3686 663 3727; x_wconf 82' lang='lat' dir='ltr'><strong>ct</strong></span> <span class='ocrx_word' id='word_1_343' title='bbox 681 3693 761 3727; x_wconf 75' lang='lat' dir='ltr'><strong>eunuc</strong></span> 
     </span>
     <span class='ocr_line' id='line_1_37' title="bbox 280 3738 1474 3813; baseline -0.003 -17"><span class='ocrx_word' id='word_1_344' title='bbox 280 3743 499 3813; x_wconf 86' lang='lat' dir='ltr'><strong>interponuntur</strong></span> <span class='ocrx_word' id='word_1_345' title='bbox 521 3745 557 3799; x_wconf 83' lang='lat' dir='ltr'><strong>ab</strong></span> <span class='ocrx_word' id='word_1_346' title='bbox 576 3760 660 3799; x_wconf 82' lang='lat' dir='ltr'><strong>avaro</strong></span> <span class='ocrx_word' id='word_1_347' title='bbox 677 3741 723 3799; x_wconf 82' lang='lat' dir='ltr'><strong>vel</strong></span> <span class='ocrx_word' id='word_1_348' title='bbox 741 3760 777 3797; x_wconf 86' lang='lat' dir='ltr'><strong>ex</strong></span> <span class='ocrx_word' id='word_1_349' title='bbox 793 3743 854 3797; x_wconf 83' lang='lat' dir='ltr'><strong>eiua</strong></span> <span class='ocrx_word' id='word_1_350' title='bbox 904 3745 934 3797; x_wconf 83' lang='lat' dir='ltr'><strong>et</strong></span> <span class='ocrx_word' id='word_1_351' title='bbox 957 3738 1083 3812; x_wconf 87' lang='lat' dir='ltr'><strong>loquitur</strong></span> <span class='ocrx_word' id='word_1_352' title='bbox 1110 3746 1139 3797; x_wconf 87' lang='lat' dir='ltr'><strong>et</strong></span> <span class='ocrx_word' id='word_1_353' title='bbox 1162 3740 1300 3796; x_wconf 80' lang='lat' dir='ltr'><strong>refellitur</strong></span> <span class='ocrx_word' id='word_1_354' title='bbox 1325 3740 1408 3809; x_wconf 64' lang='lat' dir='ltr'><strong>(aea</strong></span> <span class='ocrx_word' id='word_1_355' title='bbox 1425 3741 1474 3803; x_wconf 77' lang='lat' dir='ltr'><strong>ilfi,</strong></span> 
     </span>
     <span class='ocr_line' id='line_1_38' title="bbox 281 3806 1474 3886; baseline -0.005 -17"><span class='ocrx_word' id='word_1_356' title='bbox 281 3814 429 3869; x_wconf 74' lang='lat' dir='ltr'><strong>sententia.</strong></span> <span class='ocrx_word' id='word_1_357' title='bbox 441 3844 472 3855; x_wconf 89' lang='lat'>-</span> <span class='ocrx_word' id='word_1_358' title='bbox 484 3813 649 3886; x_wconf 73' lang='lat' dir='ltr'><strong>tantundem]</strong></span> <span class='ocrx_word' id='word_1_359' title='bbox 669 3818 803 3885; x_wconf 77' lang='lat' dir='ltr'><strong>quantum</strong></span> <span class='ocrx_word' id='word_1_360' title='bbox 822 3818 853 3868; x_wconf 89' lang='lat' dir='ltr'><strong>tu</strong></span> <span class='ocrx_word' id='word_1_361' title='bbox 905 3814 1052 3883; x_wconf 75' lang='lat' dir='ltr'><strong>miseram).</strong></span> <span class='ocrx_word' id='word_1_362' title='bbox 1063 3843 1093 3853; x_wconf 88' lang='lat'>-</span> <span class='ocrx_word' id='word_1_363' title='bbox 1104 3818 1168 3885; x_wconf 80' lang='lat' dir='ltr'><strong>quic</strong></span> <span class='ocrx_word' id='word_1_364' title='bbox 1180 3814 1260 3883; x_wconf 74' lang='lat' dir='ltr'><strong>tanti]</strong></span> <span class='ocrx_word' id='word_1_365' title='bbox 1271 3810 1395 3867; x_wconf 78' lang='lat' dir='ltr'><strong>Luciline</strong></span> <span class='ocrx_word' id='word_1_366' title='bbox 1405 3806 1474 3881; x_wconf 84' lang='lat' dir='ltr'><strong>apud</strong></span> 
     </span>
    </p>
   </div>
   <div class='ocr_carea' id='block_1_14' title="bbox 840 3668 1550 3741">
    <p class='ocr_par' dir='ltr' id='par_1_14' title="bbox 840 3668 1550 3741">
     <span class='ocr_line' id='line_1_39' title="bbox 840 3668 1550 3741; baseline -0.007 -14"><span class='ocrx_word' id='word_1_367' title='bbox 840 3690 855 3727; x_wconf 91' lang='lat' dir='ltr'><strong>c</strong></span> <span class='ocrx_word' id='word_1_368' title='bbox 904 3688 979 3741; x_wconf 82' lang='lat' dir='ltr'><strong>para,</strong></span> <span class='ocrx_word' id='word_1_369' title='bbox 998 3686 1034 3725; x_wconf 87' lang='lat' dir='ltr'><strong>ex</strong></span> <span class='ocrx_word' id='word_1_370' title='bbox 1051 3687 1106 3741; x_wconf 85' lang='lat' dir='ltr'><strong>qua</strong></span> <span class='ocrx_word' id='word_1_371' title='bbox 1121 3686 1192 3725; x_wconf 80' lang='lat' dir='ltr'><strong>nnuc</strong></span> <span class='ocrx_word' id='word_1_372' title='bbox 1205 3668 1307 3725; x_wconf 87' lang='lat' dir='ltr'><strong>deinde</strong></span> <span class='ocrx_word' id='word_1_373' title='bbox 1317 3672 1474 3741; x_wconf 78' lang='lat' dir='ltr'><strong>protractae</strong></span> <span class='ocrx_word' id='word_1_374' title='bbox 1549 3694 1550 3697; x_wconf 36' lang='lat'>¹</span> 
     </span>
    </p>
   </div>
   <div class='ocr_carea' id='block_1_15' title="bbox 281 3880 1550 4012">
    <p class='ocr_par' dir='ltr' id='par_1_15' title="bbox 281 3880 1550 4012">
     <span class='ocr_line' id='line_1_40' title="bbox 281 3880 1550 4012; baseline -0.003 -72"><span class='ocrx_word' id='word_1_375' title='bbox 281 3902 316 3940; x_wconf 86' lang='lat' dir='ltr'><strong>ex</strong></span> <span class='ocrx_word' id='word_1_376' title='bbox 332 3902 434 3955; x_wconf 81' lang='lat' dir='ltr'><strong>magno</strong></span> <span class='ocrx_word' id='word_1_377' title='bbox 454 3902 563 3953; x_wconf 84' lang='lat' dir='ltr'><strong>acervo,</strong></span> <span class='ocrx_word' id='word_1_378' title='bbox 582 3886 600 3942; x_wconf 91' lang='lat' dir='ltr'><strong>i.</strong></span> <span class='ocrx_word' id='word_1_379' title='bbox 611 3902 635 3941; x_wconf 91' lang='lat' dir='ltr'><strong>e.</strong></span> <span class='ocrx_word' id='word_1_380' title='bbox 644 3891 789 4012; x_wconf 51' lang='lat' dir='ltr'><strong>guantum</strong></span> <span class='ocrx_word' id='word_1_381' title='bbox 806 3902 853 3941; x_wconf 87' lang='lat' dir='ltr'><strong>ua·</strong></span> <span class='ocrx_word' id='word_1_382' title='bbox 904 3882 996 3939; x_wconf 84' lang='lat' dir='ltr'><strong>Schol</strong></span> <span class='ocrx_word' id='word_1_383' title='bbox 1006 3883 1101 3952; x_wconf 73' lang='lat' dir='ltr'><strong>que,</strong></span> <span class='ocrx_word' id='word_1_384' title='bbox 1114 3886 1175 3949; x_wconf 66' lang='lat' dir='ltr'><strong>lea:</strong></span> <span class='ocrx_word' id='word_1_385' title='bbox 1197 3882 1354 3953; x_wconf 83' lang='lat' dir='ltr'><strong>»Quantum</strong></span> <span class='ocrx_word' id='word_1_386' title='bbox 1366 3880 1474 3943; x_wconf 69' lang='lat' dir='ltr'><strong>haten,</strong></span> <span class='ocrx_word' id='word_1_387' title='bbox 1549 3934 1550 3943; x_wconf 13' lang='grc' dir='ltr'><strong>ξ</strong></span> 
     </span>
    </p>
   </div>
   <div class='ocr_carea' id='block_1_16' title="bbox 280 3957 635 4041">
    <p class='ocr_par' dir='ltr' id='par_1_16' title="bbox 280 3957 635 4041">
     <span class='ocr_line' id='line_1_41' title="bbox 280 3957 635 4041; baseline 0.006 -32"><span class='ocrx_word' id='word_1_388' title='bbox 280 3958 345 4010; x_wconf 87' lang='lat' dir='ltr'><strong>tura</strong></span> <span class='ocrx_word' id='word_1_389' title='bbox 355 3957 455 4026; x_wconf 76' lang='lat' dir='ltr'><strong>poscit.</strong></span> <span class='ocrx_word' id='word_1_390' title='bbox 466 3986 496 3998; x_wconf 86' lang='lat'><em>-</em></span> <span class='ocrx_word' id='word_1_391' title='bbox 508 3957 635 4041; x_wconf 76' lang='lat' dir='ltr'><strong>camerti]</strong></span> 
     </span>
    </p>
   </div>
   <div class='ocr_carea' id='block_1_17' title="bbox 280 4236 1472 4367">
    <p class='ocr_par' dir='ltr' id='par_1_17' title="bbox 280 4236 1472 4367">
     <span class='ocr_line' id='line_1_42' title="bbox 280 4236 1472 4367; baseline -0.002 -74"><span class='ocrx_word' id='word_1_392' title='bbox 280 4239 361 4310; x_wconf 72' lang='lat' dir='ltr'><strong>arm]</strong></span> <span class='ocrx_word' id='word_1_393' title='bbox 381 4241 498 4297; x_wconf 79' lang='lat' dir='ltr'><strong>dimidia</strong></span> <span class='ocrx_word' id='word_1_394' title='bbox 515 4258 581 4314; x_wconf 85' lang='lat' dir='ltr'><strong>pura</strong></span> <span class='ocrx_word' id='word_1_395' title='bbox 599 4239 749 4367; x_wconf 57' lang='lat' dir='ltr'><strong>athcrae</strong></span> <span class='ocrx_word' id='word_1_396' title='bbox 768 4240 853 4311; x_wconf 88' lang='lat' dir='ltr'><strong>paulo</strong></span> <span class='ocrx_word' id='word_1_397' title='bbox 904 4258 967 4295; x_wconf 88' lang='lat' dir='ltr'><strong>rum</strong></span> <span class='ocrx_word' id='word_1_398' title='bbox 985 4248 1023 4296; x_wconf 72' lang='lat' dir='ltr'><strong>uti</strong></span> <span class='ocrx_word' id='word_1_399' title='bbox 1041 4257 1099 4296; x_wconf 91' lang='lat' dir='ltr'><strong>non</strong></span> <span class='ocrx_word' id='word_1_400' title='bbox 1115 4258 1167 4313; x_wconf 87' lang='lat' dir='ltr'><strong>per</strong></span> <span class='ocrx_word' id='word_1_401' title='bbox 1184 4240 1315 4297; x_wconf 85' lang='lat' dir='ltr'><strong>anacolut</strong></span> <span class='ocrx_word' id='word_1_402' title='bbox 1335 4241 1387 4293; x_wconf 87' lang='lat' dir='ltr'><strong>&#39;am</strong></span> <span class='ocrx_word' id='word_1_403' title='bbox 1404 4236 1472 4309; x_wconf 81' lang='lat' dir='ltr'><strong>peri·</strong></span> 
     </span>
    </p>
   </div>
   <div class='ocr_carea' id='block_1_18' title="bbox 276 4309 1550 4435">
    <p class='ocr_par' dir='ltr' id='par_1_18' title="bbox 276 4309 1550 4435">
     <span class='ocr_line' id='line_1_43' title="bbox 276 4309 1550 4435; baseline -0.002 -71"><span class='ocrx_word' id='word_1_404' title='bbox 276 4311 372 4365; x_wconf 81' lang='lat' dir='ltr'><strong>-maicr</strong></span> <span class='ocrx_word' id='word_1_405' title='bbox 397 4310 453 4366; x_wconf 88' lang='lat' dir='ltr'><strong>fuit</strong></span> <span class='ocrx_word' id='word_1_406' title='bbox 484 4330 567 4394; x_wconf 78' lang='lat' dir='ltr'><strong>quam</strong></span> <span class='ocrx_word' id='word_1_407' title='bbox 599 4330 640 4367; x_wconf 92' lang='lat' dir='ltr'><strong>uu</strong></span> <span class='ocrx_word' id='word_1_408' title='bbox 659 4314 731 4368; x_wconf 91' lang='lat' dir='ltr'><strong>ecim</strong></span> <span class='ocrx_word' id='word_1_409' title='bbox 765 4312 853 4369; x_wconf 90' lang='lat' dir='ltr'><strong>modii</strong></span> <span class='ocrx_word' id='word_1_410' title='bbox 905 4316 966 4367; x_wconf 87' lang='lat' dir='ltr'><strong>tum</strong></span> <span class='ocrx_word' id='word_1_411' title='bbox 985 4316 1030 4368; x_wconf 86' lang='lat' dir='ltr'><strong>eat</strong></span> <span class='ocrx_word' id='word_1_412' title='bbox 1048 4329 1100 4383; x_wconf 87' lang='lat' dir='ltr'><strong>pro</strong></span> <span class='ocrx_word' id='word_1_413' title='bbox 1112 4311 1237 4383; x_wconf 54' lang='lat' dir='ltr'><strong>aequasi</strong></span> <span class='ocrx_word' id='word_1_414' title='bbox 1240 4309 1426 4435; x_wconf 53' lang='lat' dir='ltr'><strong>Xreeeederet</strong></span> <span class='ocrx_word' id='word_1_415' title='bbox 1435 4310 1472 4363; x_wconf 72' lang='lat' dir='ltr'><strong>nil</strong></span> <span class='ocrx_word' id='word_1_416' title='bbox 1549 4326 1550 4347; x_wconf 53' lang='grc' dir='ltr'>ι</span> 
     </span>
    </p>
   </div>
   <div class='ocr_carea' id='block_1_19' title="bbox 280 4378 1471 4667">
    <p class='ocr_par' dir='ltr' id='par_1_19' title="bbox 280 4378 1471 4667">
     <span class='ocr_line' id='line_1_44' title="bbox 280 4378 1471 4505; baseline 0 -70"><span class='ocrx_word' id='word_1_417' title='bbox 280 4380 393 4505; x_wconf 48' lang='lat' dir='ltr'><strong>Sert)</strong></span> <span class='ocrx_word' id='word_1_418' title='bbox 412 4382 621 4453; x_wconf 81' lang='lat' dir='ltr'><strong>Berclrnenaea3</strong></span> <span class='ocrx_word' id='word_1_419' title='bbox 639 4388 760 4455; x_wconf 51' lang='lat' dir='ltr'><strong>mattae</strong></span> <span class='ocrx_word' id='word_1_420' title='bbox 787 4382 853 4439; x_wconf 87' lang='lat' dir='ltr'><strong>duc·</strong></span> <span class='ocrx_word' id='word_1_421' title='bbox 904 4389 974 4439; x_wconf 74' lang='lat' dir='ltr'><strong>raris</strong></span> <span class='ocrx_word' id='word_1_422' title='bbox 987 4404 1045 4439; x_wconf 75' lang='lat' dir='ltr'><strong>arse</strong></span> <span class='ocrx_word' id='word_1_423' title='bbox 1056 4390 1105 4453; x_wconf 79' lang='lat' dir='ltr'><strong>att,</strong></span> <span class='ocrx_word' id='word_1_424' title='bbox 1117 4389 1190 4455; x_wconf 74' lang='lat' dir='ltr'><strong>quta,</strong></span> <span class='ocrx_word' id='word_1_425' title='bbox 1210 4400 1239 4437; x_wconf 85' lang='lat' dir='ltr'><strong>aa</strong></span> <span class='ocrx_word' id='word_1_426' title='bbox 1277 4390 1321 4438; x_wconf 81' lang='lat' dir='ltr'><strong>eat</strong></span> <span class='ocrx_word' id='word_1_427' title='bbox 1337 4378 1471 4453; x_wconf 85' lang='lat' dir='ltr'><strong>potentia·</strong></span> 
     </span>
     <span class='ocr_line' id='line_1_45' title="bbox 301 4452 1470 4525; baseline -0.001 -19"><span class='ocrx_word' id='word_1_428' title='bbox 301 4452 389 4506; x_wconf 85' lang='lat' dir='ltr'><strong>ecima</strong></span> <span class='ocrx_word' id='word_1_429' title='bbox 405 4455 612 4523; x_wconf 70' lang='lat' dir='ltr'><strong>persecuturi,</strong></span> <span class='ocrx_word' id='word_1_430' title='bbox 631 4452 855 4525; x_wconf 75' lang='lat' dir='ltr'><strong>magnitudinem</strong></span> <span class='ocrx_word' id='word_1_431' title='bbox 903 4454 938 4509; x_wconf 81' lang='lat' dir='ltr'><strong>lia</strong></span> <span class='ocrx_word' id='word_1_432' title='bbox 957 4454 1065 4521; x_wconf 86' lang='lat' dir='ltr'><strong>medua,</strong></span> <span class='ocrx_word' id='word_1_433' title='bbox 1086 4459 1118 4509; x_wconf 90' lang='lat' dir='ltr'><strong>ut</strong></span> <span class='ocrx_word' id='word_1_434' title='bbox 1136 4452 1212 4525; x_wconf 83' lang='lat' dir='ltr'><strong>apud</strong></span> <span class='ocrx_word' id='word_1_435' title='bbox 1229 4452 1374 4510; x_wconf 81' lang='lat' dir='ltr'><strong>Lucilium.</strong></span> <span class='ocrx_word' id='word_1_436' title='bbox 1385 4482 1418 4493; x_wconf 91' lang='lat'>-</span> <span class='ocrx_word' id='word_1_437' title='bbox 1432 4456 1470 4519; x_wconf 73' lang='lat' dir='ltr'><strong>fa·</strong></span> 
     </span>
     <span class='ocr_line' id='line_1_46' title="bbox 281 4518 1469 4605; baseline 0.002 -29"><span class='ocrx_word' id='word_1_438' title='bbox 281 4522 329 4576; x_wconf 80' lang='lat' dir='ltr'><strong>vix</strong></span> <span class='ocrx_word' id='word_1_439' title='bbox 347 4524 510 4605; x_wconf 79' lang='lat' dir='ltr'><strong>aequiparat</strong></span> <span class='ocrx_word' id='word_1_440' title='bbox 526 4527 691 4596; x_wconf 85' lang='lat' dir='ltr'><strong>poculorum</strong></span> <span class='ocrx_word' id='word_1_441' title='bbox 700 4528 854 4583; x_wconf 78' lang='lat' dir='ltr'><strong>vitreorum</strong></span> <span class='ocrx_word' id='word_1_442' title='bbox 902 4526 973 4597; x_wconf 74' lang='lat' dir='ltr'><strong>ciac]</strong></span> <span class='ocrx_word' id='word_1_443' title='bbox 992 4524 1026 4581; x_wconf 87' lang='lat' dir='ltr'><strong>cf.</strong></span> <span class='ocrx_word' id='word_1_444' title='bbox 1045 4526 1163 4597; x_wconf 73' lang='lat' dir='ltr'><strong>utapro</strong></span> <span class='ocrx_word' id='word_1_445' title='bbox 1175 4525 1366 4591; x_wconf 80' lang='lat' dir='ltr'><strong>Geec.11‚80:</strong></span> <span class='ocrx_word' id='word_1_446' title='bbox 1387 4518 1469 4591; x_wconf 73' lang='lat' dir='ltr'><strong>»Qud</strong></span> 
     </span>
     <span class='ocr_line' id='line_1_47' title="bbox 281 4594 1467 4667; baseline 0.002 -18"><span class='ocrx_word' id='word_1_447' title='bbox 281 4609 337 4661; x_wconf 84' lang='lat' dir='ltr'><strong>quo</strong></span> <span class='ocrx_word' id='word_1_448' title='bbox 357 4610 452 4649; x_wconf 77' lang='lat' dir='ltr'><strong>viuum</strong></span> <span class='ocrx_word' id='word_1_449' title='bbox 469 4612 521 4651; x_wconf 84' lang='lat' dir='ltr'><strong>nce</strong></span> <span class='ocrx_word' id='word_1_450' title='bbox 538 4597 635 4654; x_wconf 89' lang='lat' dir='ltr'><strong>bibere</strong></span> <span class='ocrx_word' id='word_1_451' title='bbox 664 4598 795 4653; x_wconf 72' lang='lat' dir='ltr'><strong>solemur.</strong></span> <span class='ocrx_word' id='word_1_452' title='bbox 820 4628 851 4639; x_wconf 84' lang='lat'><em>-</em></span> <span class='ocrx_word' id='word_1_453' title='bbox 902 4596 968 4655; x_wconf 83' lang='lat' dir='ltr'><strong>huic</strong></span> <span class='ocrx_word' id='word_1_454' title='bbox 985 4600 1018 4653; x_wconf 88' lang='lat' dir='ltr'><strong>tu</strong></span> <span class='ocrx_word' id='word_1_455' title='bbox 1035 4596 1141 4653; x_wconf 86' lang='lat' dir='ltr'><strong>homini</strong></span> <span class='ocrx_word' id='word_1_456' title='bbox 1158 4596 1280 4653; x_wconf 74' lang='lat' dir='ltr'><strong>faciant«</strong></span> <span class='ocrx_word' id='word_1_457' title='bbox 1302 4598 1332 4655; x_wconf 87' lang='lat' dir='ltr'><strong>id</strong></span> <span class='ocrx_word' id='word_1_458' title='bbox 1340 4612 1391 4667; x_wconf 81' lang='lat' dir='ltr'><strong>pro</strong></span> <span class='ocrx_word' id='word_1_459' title='bbox 1398 4594 1467 4652; x_wconf 72' lang='lat' dir='ltr'><strong>sat</strong></span> 
     </span>
    </p>
   </div>
   <div class='ocr_carea' id='block_1_20' title="bbox 280 3953 1550 4243">
    <p class='ocr_par' dir='ltr' id='par_1_20' title="bbox 280 3953 1550 4243">
     <span class='ocr_line' id='line_1_48' title="bbox 669 3953 1550 4040; baseline -0.006 -30"><span class='ocrx_word' id='word_1_460' title='bbox 669 3958 733 4040; x_wconf 77' lang='lat' dir='ltr'><strong>piet</strong></span> <span class='ocrx_word' id='word_1_461' title='bbox 744 3956 766 4021; x_wconf 87' lang='lat'><strong>1,</strong></span> <span class='ocrx_word' id='word_1_462' title='bbox 775 3960 801 4025; x_wconf 84' lang='lat'><strong>7,</strong></span> <span class='ocrx_word' id='word_1_463' title='bbox 810 3958 854 4011; x_wconf 83' lang='lat'><strong>30.</strong></span> <span class='ocrx_word' id='word_1_464' title='bbox 904 3960 1014 4011; x_wconf 86' lang='lat' dir='ltr'><strong>tentum</strong></span> <span class='ocrx_word' id='word_1_465' title='bbox 1032 3956 1093 4026; x_wconf 86' lang='lat' dir='ltr'><strong>ipae</strong></span> <span class='ocrx_word' id='word_1_466' title='bbox 1113 3956 1167 4011; x_wconf 80' lang='lat' dir='ltr'><strong>aiae</strong></span> <span class='ocrx_word' id='word_1_467' title='bbox 1185 3953 1471 4025; x_wconf 75' lang='lat' dir='ltr'><strong>tentiquahabearia«</strong></span> <span class='ocrx_word' id='word_1_468' title='bbox 1549 3966 1550 4005; x_wconf 84' lang='lat'>3</span> 
     </span>
     <span class='ocr_line' id='line_1_49' title="bbox 280 4026 1550 4099; baseline -0.002 -16"><span class='ocrx_word' id='word_1_469' title='bbox 280 4026 420 4083; x_wconf 84' lang='lat' dir='ltr'><strong>Videntur</strong></span> <span class='ocrx_word' id='word_1_470' title='bbox 436 4028 738 4093; x_wconf 78' lang='lat' dir='ltr'><strong>fuieaevaeavrmmea,</strong></span> <span class='ocrx_word' id='word_1_471' title='bbox 753 4026 854 4098; x_wconf 88' lang='lat' dir='ltr'><strong>inqui·</strong></span> <span class='ocrx_word' id='word_1_472' title='bbox 905 4026 976 4082; x_wconf 80' lang='lat' dir='ltr'><strong>Pluu</strong></span> <span class='ocrx_word' id='word_1_473' title='bbox 996 4032 1061 4098; x_wconf 72' lang='lat' dir='ltr'><strong>nant</strong></span> <span class='ocrx_word' id='word_1_474' title='bbox 1079 4028 1274 4099; x_wconf 70' lang='grc' dir='ltr'><strong>φιλοπλουτίας</strong></span> <span class='ocrx_word' id='word_1_475' title='bbox 1289 4043 1315 4081; x_wconf 89' lang='lat' dir='ltr'><strong>e.</strong></span> <span class='ocrx_word' id='word_1_476' title='bbox 1328 4030 1360 4081; x_wconf 83' lang='lat'><strong>7:</strong></span> <span class='ocrx_word' id='word_1_477' title='bbox 1392 4026 1472 4093; x_wconf 76' lang='grc' dir='ltr'><em>»Κέρ-</em></span> <span class='ocrx_word' id='word_1_478' title='bbox 1549 4078 1550 4081; x_wconf 74' lang='grc'>,</span> 
     </span>
     <span class='ocr_line' id='line_1_50' title="bbox 280 4090 1550 4171; baseline -0.004 -19"><span class='ocrx_word' id='word_1_479' title='bbox 280 4099 334 4152; x_wconf 82' lang='lat' dir='ltr'><strong>bue</strong></span> <span class='ocrx_word' id='word_1_480' title='bbox 346 4098 487 4154; x_wconf 84' lang='lat' dir='ltr'><strong>frumenta</strong></span> <span class='ocrx_word' id='word_1_481' title='bbox 498 4101 700 4156; x_wconf 83' lang='lat' dir='ltr'><strong>condebantur.</strong></span> <span class='ocrx_word' id='word_1_482' title='bbox 720 4098 854 4154; x_wconf 83' lang='lat' dir='ltr'><strong>Gamerae</strong></span> <span class='ocrx_word' id='word_1_483' title='bbox 904 4098 981 4154; x_wconf 80' lang='grc' dir='ltr'>δαινε</span> <span class='ocrx_word' id='word_1_484' title='bbox 999 4102 1045 4152; x_wconf 79' lang='grc' dir='ltr'><strong>καὶ</strong></span> <span class='ocrx_word' id='word_1_485' title='bbox 1062 4098 1161 4171; x_wconf 75' lang='grc' dir='ltr'><em>φείδου</em></span> <span class='ocrx_word' id='word_1_486' title='bbox 1181 4102 1226 4153; x_wconf 76' lang='grc' dir='ltr'><strong>καὶ</strong></span> <span class='ocrx_word' id='word_1_487' title='bbox 1245 4090 1375 4153; x_wconf 74' lang='grc' dir='ltr'><strong><em>τοσούτου</em></strong></span> <span class='ocrx_word' id='word_1_488' title='bbox 1384 4092 1473 4167; x_wconf 78' lang='grc' dir='ltr'><strong>νόμιζε</strong></span> <span class='ocrx_word' id='word_1_489' title='bbox 1549 4164 1550 4169; x_wconf 12' lang='lat'>¹</span> 
     </span>
     <span class='ocr_line' id='line_1_51' title="bbox 280 4162 1550 4243; baseline 0 -20"><span class='ocrx_word' id='word_1_490' title='bbox 280 4186 435 4239; x_wconf 84' lang='lat' dir='ltr'><strong>pauperum</strong></span> <span class='ocrx_word' id='word_1_491' title='bbox 454 4174 530 4235; x_wconf 82' lang='lat' dir='ltr'><strong>aunt,</strong></span> <span class='ocrx_word' id='word_1_492' title='bbox 544 4171 676 4243; x_wconf 76' lang='lat' dir='ltr'><strong>granaria</strong></span> <span class='ocrx_word' id='word_1_493' title='bbox 684 4170 852 4225; x_wconf 83' lang='lat' dir='ltr'><strong>divitum-</strong></span> <span class='ocrx_word' id='word_1_494' title='bbox 905 4167 1020 4225; x_wconf 79' lang='grc' dir='ltr'>σεαυτὸν</span> <span class='ocrx_word' id='word_1_495' title='bbox 1036 4162 1119 4237; x_wconf 76' lang='grc' dir='ltr'>ἄξιον,</span> <span class='ocrx_word' id='word_1_496' title='bbox 1139 4166 1208 4225; x_wconf 83' lang='grc' dir='ltr'>ὅσον</span> <span class='ocrx_word' id='word_1_497' title='bbox 1225 4162 1262 4224; x_wconf 80' lang='grc' dir='ltr'><strong>ἂν</strong></span> <span class='ocrx_word' id='word_1_498' title='bbox 1279 4170 1313 4241; x_wconf 80' lang='grc' dir='ltr'><strong>ἔχ</strong></span> <span class='ocrx_word' id='word_1_499' title='bbox 1330 4188 1366 4229; x_wconf 66' lang='lat'><strong>§.¹</strong></span> <span class='ocrx_word' id='word_1_500' title='bbox 1398 4166 1472 4223; x_wconf 83' lang='lat' dir='ltr'><strong>Gete-</strong></span> <span class='ocrx_word' id='word_1_501' title='bbox 1549 4170 1550 4189; x_wconf 60' lang='lat'><em>*</em></span> 
     </span>
    </p>
   </div>
   <div class='ocr_carea' id='block_1_21' title="bbox 0 0 1568 5225">
    <p class='ocr_par' dir='ltr' id='par_1_21' title="bbox 0 0 1568 5225">
     <span class='ocr_line' id='line_1_52' title="bbox 0 0 1568 5225; baseline 0 0"><span class='ocrx_word' id='word_1_502' title='bbox 0 0 1568 5225; x_wconf 95' lang='lat' dir='ltr'><strong> </strong></span> 
     </span>
    </p>
   </div>
  </div>
 </body>
</html>
