3125 5225
483 288 570 356 LlB.
592 288 637 356 11.
659 288 803 359 EPIST.
826 289 870 357 11.
1209 290 1270 355 581

127 472 234 566 Quae
257 473 391 572 priscis
414 455 626 551 memorate
650 478 861 556 Catonibus
887 489 1004 577 atque
1030 474 1209 574 Cethegis

125 596 233 675 Nune
253 598 345 674 situs
371 600 547 677 informis
573 602 713 699 premit
734 613 773 677 et
801 603 951 679 deserta
972 613 1158 698 vetustas3

125 720 322 801 Adsciseet
342 751 455 821 nova,
480 752 578 826 quae
604 728 756 825 genitor
781 728 1004 826 produxerit
1029 752 1132 803 usus.
1185 746 1189 753 '

82 850 338 930 mllebemens
364 868 401 931 et
424 854 597 954 liquidus
623 880 801 954 puroque
825 852 1041 929 simillimus
1068 855 1170 929 amni

122 975 271 1052 Fundet
296 1003 388 1075 opes
413 976 644 1082 Latiumque
669 976 801 1053 beabit
828 975 946 1053 divite
971 974 1124 1075 lingua3

122 1099 369 1177 Luxuriantia
395 1115 621 1198 compescet,
650 1098 764 1177 nimis
791 1126 928 1199 aspera
953 1125 1045 1175 sano

124 1222 285 1300 Levabit
306 1225 423 1319 cultu,
448 1226 591 1303 virtute
615 1227 784 1303 earentia
810 1225 929 1322 tollet,

121 1348 304 1426 Ludentis
329 1352 499 1450 speeiem
525 1352 630 1428 dabit
655 1364 694 1429 et
718 1351 971 1451 torquebitur,
998 1362 1040 1427 ut
1066 1352 1133 1451 qui

81 1472 227 1551 raNune
253 1474 443 1575 Satyrum,
471 1502 574 1553 nuno
600 1490 791 1577 agrestem
818 1473 990 1575 Oyelopa
1015 1488 1203 1553 movetur.

120 1598 370 1677 Praetulerim
395 1600 559 1699 scriptor
584 1601 727 1677 delirus
754 1602 935 1701 inersque
958 1600 1093 1698 videri,
1205 1648 1209 1659 ·

120 1723 217 1799 Dum
247 1750 335 1800 mea
362 1722 559 1801 delectent
579 1724 682 1800 mela
707 1751 770 1802 me
796 1724 1053 1825 veldeuique
1075 1726 1221 1824 fallant,

121 1847 242 1939 Quam
270 1874 405 1947 sapere
431 1861 469 1925 et
494 1849 624 1948 ringi‘?
667 1850 754 1925 Fuit
780 1850 884 1927 haud
910 1850 1090 1950 ignobilis
1114 1850 1244 1952 Argis,

120 1970 193 2063 Qui
217 1998 259 2048 se
287 1970 468 2049 eradebat
492 1973 610 2047 miros
636 1973 772 2049 audire
799 1972 1003 2072 tragoedos

78 2130 113 2173 ss
128 2101 173 2177 lrr
194 2127 319 2178 vaeuo
343 2098 464 2178 laetus
490 2126 614 2177 sessor
635 2098 869 2200 plausorque
894 2099 1058 2196 theatr03

122 2227 257 2305 Cetera
283 2226 349 2327 qui
374 2227 477 2302 vitae
499 2238 669 2301 servaret
693 2224 825 2300 munio
849 2237 952 2301 reete

122 2353 241 2449 More,
270 2352 395 2427 bonus
419 2375 511 2427 sane
536 2348 694 2443 vitinus,
722 2349 897 2425 amabilis
924 2348 1074 2449 hospes,

127 2478 256 2555 Comis
281 2476 322 2551 in
347 2501 518 2567 uxorem,
544 2487 674 2575 posset
699 2476 768 2575 qui
793 2476 994 2574 ignoscere
1019 2476 1137 2553 servis

82 2631 239 2702 militantia„
279 2631 334 2687 Cir.
356 2631 389 2685 Δ.
405 2630 436 2686 P.
449 2633 510 2688 319.
532 2659 566 2674 ·-
585 2636 642 2704 pri·
694 2634 870 2702 terpretetur
894 2637 923 2688 in
947 2653 998 2686 urs
1021 2637 1120 2702 posita.
1172 2629 1267 2686 Etiam

81 2703 137 2774 retr]
153 2703 217 2760 ride
238 2701 277 2758 ed
293 2703 351 2760 Set„
369 2701 404 2766 Il,
430 2705 455 2763 1.
472 2704 515 2756 et.
553 2702 587 2757 el.
607 2703 644 2757 A.
695 2701 813 2758 Bothius
830 2703 902 2758 hano
922 2702 1073 2758 leotionem
1089 2703 1222 2772 probavit
1239 2706 1269 2758 et

82 2773 107 2827 P.
123 2779 162 2830 te.
181 2778 225 2832 56.
245 2804 283 2816 -
297 2773 380 2856 sites]
395 2772 531 2838 Tibulli,
543 2775 584 2840 10,
595 2777 642 2828 50:
697 2769 794 2829 littere
814 2773 1018 2846 interpretatus
1036 2778 1079 2829 est
1094 2773 1129 2828 de
1142 2773 1270 2844 patribus

83 2843 183 2902 »uilius
210 2847 242 2902 in
271 2846 395 2902 tenebris
421 2849 541 2915 oeeupet
567 2861 646 2900 arms
695 2844 816 2901 inientes
843 2851 924 2902 natos
953 2844 1117 2902 tollentibus
1149 2849 1178 2901 et
1205 2844 1271 2899 edu·

82 2915 162 2972 situs«
211 2918 311 2974 Senee.
329 2915 422 2986 Epist.
439 2920 492 2972 te:
519 2934 574 2972 »ex
592 2916 645 2971 hoe
695 2916 833 2974 cantibus.
861 2947 894 2958 -
925 2917 1012 2987 tollet]
1040 2916 1183 3042 Inwffiffoe
1209 2933 1270 2972 sen·

82 2990 193 3073 exemplo
220 2988 376 3072 intelliges,
404 2993 540 3059 quantum
569 2988 645 3070 apud
695 2989 813 3044 tentiam
841 3005 877 3044 ex
891 2987 1035 3071 ¹Cicermris
1053 2987 1116 3042 loeo
1160 3003 1216 3042 uso.
1235 2987 1268 3052 V,

82 3057 554 3202 bltttttltftttff
567 3063 644 3201 :itt
695 3063 793 3201 litii
803 3057 1154 3186 telettum?
1168 3064 1271 3185 3⁰55.

83 3201 110 3256 b
124 3201 152 3258 P.
167 3207 201 3258 71
222 3221 265 3273 sq.
310 3201 381 3258 Usus
408 3207 453 3257 est
476 3202 525 3272 qui
550 3203 644 3258 verbis
694 3202 794 3272 demis]
815 3201 966 3257 llaeiliteti
989 3201 1030 3258 ita
1054 3201 1198 3268 consulet,
1225 3206 1267 3268 ut,

82 3273 149 3342 quui
171 3275 262 3332 ritem
287 3275 349 3343 rau
377 3271 442 3356 iude
459 3279 566 3357 pestem
591 3277 643 3329 est.
695 3273 873 3343 quantumvis
887 3289 1009 3356 summos
1024 3273 1134 3328 labores
1152 3273 1181 3327 in
1202 3272 1270 3328 seri·

83 3345 549 3498 metuetur
562 3361 645 3498 tu
694 3343 1269 3497 terremtatemrra

82 3487 307 3554 pronuntiandum
336 3491 394 3552 est,
424 3487 531 3542 litteris
559 3491 643 3542 atram
694 3485 761 3554 to,
782 3489 825 3542 63.
855 3517 886 3530 -
915 3487 999 3558 stirpi]
1029 3503 1144 3556 proprie
1167 3487 1204 3541 de
1224 3504 1268 3542 oa·

128 3558 399 3616 rimuuteeribentes
411 3562 526 3615 Vestem.
546 3557 643 3630 Imago
694 3557 777 3613 nibus
805 3557 908 3612 rietum
931 3557 1128 3614 diducentibus
1152 3562 1182 3612 et
1200 3557 1268 3614 den·

83 3643 97 3681 ι
127 3630 217 3687 umine
238 3631 336 3701 petite,
354 3628 389 3684 el.
409 3628 499 3684 Germ.
517 3629 564 3695 IV,
581 3633 643 3694 ab.
695 3634 737 3684 tes
755 3627 978 3686 ostendentibus.
1016 3629 1070 3684 Est
1086 3628 1175 3714 igitur
1195 3633 1268 3686 »sto-

84 3697 154 3766 Quod
179 3701 329 3758 vehemens
359 3705 403 3756 est
428 3700 541 3782 flumen,
571 3702 645 3756 solet
695 3699 828 3763 meeberi.
856 3718 919 3757 eum
945 3699 1037 3755 norim
1061 3701 1184 3784 quidemn
1200 3702 1270 3756 ertia

83 3785 135 3826 etse
145 3773 324 3840 lutulentum,
332 3787 391 3826 non
401 3772 551 3842 liqmdum3
569 3773 645 3842 quod
695 3777 856 3844 praerepta,
874 3771 1035 3827 satisfacere
1053 3775 1148 3828 temen
1164 3789 1198 3828 us
1212 3791 1269 3828 non

84 3858 113 3895 ue
135 3842 183 3900 tat
212 3845 243 3900 in
269 3844 397 3898 oratione
421 3843 574 3899 cavendum
591 3849 643 3900 est
694 3843 825 3914 possim«
846 3841 958 3900 Interro
998 3842 1045 3925 'di
1065 3845 1173 3914 siguum
1187 3843 1269 3913 posui

86 3911 132 3967 Cio.
147 3915 225 3972 Brut.
244 3918 293 3970 79:
325 3915 382 3969 rita
401 3936 472 3986 pura
491 3920 553 3970 erat
570 3917 644 3984 (ora-
695 3932 758 3970 oum
768 3914 958 3980 Doederlinio,
995 3913 1093 3969 mlrero
1111 3914 1188 3981 eliis;
1207 3931 1268 3969 sen·

86 3982 137 4054 lio),
165 3992 195 4043 ut
220 3985 292 4042 nibil
320 3988 459 4055 liquidius,
493 3986 534 4041 it·
560 3990 643 4042 litere
695 3986 787 4040 tentia
804 3985 872 4041 haee
891 3990 948 4042 est:
980 3983 1083 4040 »setius
1106 3988 1151 4040 est
1170 4002 1200 4038 aa
1220 4002 1267 4041 ere

84 4058 177 4126 luctet,
198 4061 241 4114 ut.
249 4073 387 4128 nusquam
404 4057 641 4114 adhaereseeret.‹
688 4062 724 4118 ,et
741 4057 913 4114 stomachari
930 4055 1068 4112 interdum
1096 4055 1131 4110 de
1149 4055 1192 4109 dil
1210 4055 1268 4110 eul-

86 4153 115 4166 -
133 4129 313 4198 luxuriantia]
360 4130 455 4198 roprie
483 4127 519 4183 de
537 4130 644 4185 arbori·
694 4125 802 4185 tatibus
821 4145 889 4198 quas
907 4129 1021 4184 movent
1036 4127 1104 4182 vitia
1120 4127 1267 4182 commisse

85 4195 130 4252 bus
146 4205 174 4254 et
190 4200 302 4257 vitibus.
323 4147 359 4256 sl
377 4201 411 4255 Δ.
429 4201 459 4254 Ρ.
478 4202 530 4254 447
550 4219 591 4272 sq.
610 4231 642 4241 -
695 4204 725 4256 et
743 4199 917 4268 corrigenda,
948 4215 1030 4280 quam
1051 4197 1173 4280 delirum
1197 4199 1266 4253 stul-

85 4269 181 4344 terte]
202 4270 334 4343 expoliat.
347 4301 377 4311 -
388 4278 488 4326 virtute
506 4271 642 4356 carentia]
694 4274 810 4341 tumque
830 4269 928 4327 baberi
954 4287 987 4326 ae
1006 4269 1060 4326 srbr
1077 4270 1170 4351 ipsum
1187 4269 1265 4339 plau·

85 4335 139 4394 llos
160 4344 248 4398 solum
269 4341 351 4400 eodd.
377 4341 485 4411 aliquot
502 4343 645 4399 Torrentir
694 4343 785 4398 dere«
829 4341 982 4398 Delirantis
1004 4343 1089 4410 atque
1111 4357 1142 4394 m
1163 4357 1220 4396 una
1238 4358 1268 4396 re

86 4410 201 4481 erus,
226 4420 259 4468 ut
274 4413 396 4470 Orellius
414 4413 569 4480 adnotavit,
593 4415 643 4469 ha·
694 4414 833 4470 dementis
852 4411 1011 4483 exemplum
1029 4417 1073 4466 est
1091 4411 1222 4482 Argivus.
1235 4444 1266 4452 -—

86 4477 145 4536 bont
169 4490 297 4549 edentia,
324 4484 375 4540 sed
399 4488 534 4554 quattuor
555 4487 641 4542 etiem
690 4489 762 4542 tant
791 4485 928 4556 tpsots’lr'r]
959 4481 1027 4538 »llio
1055 4483 1145 4553 byses
1173 4484 1265 4540 dietus

85 4547 225 4633 Blendium
242 4557 313 4612 mire
331 4555 457 4628 quidem:
475 4558 526 4614 sed
540 4557 582 4612 ita
598 4559 639 4614 le·
688 4561 756 4614 eet«
775 4556 880 4612 Gomm.
901 4556 983 4624 cinq.
1009 4581 1042 4595 -·
1071 4566 1161 4628 posset
1186 4560 1261 4628 ipse·

86 4627 122 4691 git
135 4627 216 4682 etiem
233 4627 387 4684 Commeat.
407 4627 499 4698 Cruq„
527 4629 576 4699 qui
593 4627 635 4684 in·
686 4628 772 4698 seue]
791 4629 809 4685 i.
822 4645 845 4684 e.
863 4627 943 4684 feeile
961 4627 996 4682 ab
1015 4625 1108 4684 animo
1127 4625 1259 4698 impetre-
